
[
  {
    "id": 1,
    "campaign": "SummerSale",
    "channel": "YouTube",
    "region": "Asia",
    "date": "2025-10-24",
    "clicks": 47635,
    "impressions": 878876,
    "conversions": 1179,
    "spend": 2798.29,
    "revenue": 3905.61
  },
  {
    "id": 2,
    "campaign": "BackToSchool",
    "channel": "Pinterest",
    "region": "South America",
    "date": "2025-12-06",
    "clicks": 23058,
    "impressions": 584542,
    "conversions": 1448,
    "spend": 558.98,
    "revenue": 5856.76
  },
  {
    "id": 3,
    "campaign": "NewYearDeal",
    "channel": "Instagram",
    "region": "Australia",
    "date": "2025-11-10",
    "clicks": 47787,
    "impressions": 430402,
    "conversions": 531,
    "spend": 462.63,
    "revenue": 28704.65
  },
  {
    "id": 4,
    "campaign": "BackToSchool",
    "channel": "Twitter",
    "region": "South America",
    "date": "2025-02-06",
    "clicks": 3217,
    "impressions": 251084,
    "conversions": 636,
    "spend": 1405.67,
    "revenue": 9308.73
  },
  {
    "id": 5,
    "campaign": "NewYearDeal",
    "channel": "Twitter",
    "region": "Australia",
    "date": "2025-07-15",
    "clicks": 20704,
    "impressions": 987208,
    "conversions": 683,
    "spend": 13809.11,
    "revenue": 1175.46
  },
  {
    "id": 6,
    "campaign": "BackToSchool",
    "channel": "Instagram",
    "region": "North America",
    "date": "2025-01-08",
    "clicks": 35707,
    "impressions": 979882,
    "conversions": 314,
    "spend": 12551.21,
    "revenue": 5243.98
  },
  {
    "id": 7,
    "campaign": "WinterPromo",
    "channel": "YouTube",
    "region": "Australia",
    "date": "2025-03-03",
    "clicks": 42130,
    "impressions": 862085,
    "conversions": 396,
    "spend": 3929.51,
    "revenue": 34216.27
  },
  {
    "id": 8,
    "campaign": "CyberMonday",
    "channel": "LinkedIn",
    "region": "Asia",
    "date": "2025-11-18",
    "clicks": 7009,
    "impressions": 686857,
    "conversions": 1758,
    "spend": 10673.05,
    "revenue": 31217.63
  },
  {
    "id": 9,
    "campaign": "SummerSale",
    "channel": "Facebook",
    "region": "Australia",
    "date": "2025-01-12",
    "clicks": 27311,
    "impressions": 449511,
    "conversions": 1173,
    "spend": 7745.2,
    "revenue": 44975.5
  },
  {
    "id": 10,
    "campaign": "NewYearDeal",
    "channel": "TikTok",
    "region": "North America",
    "date": "2025-10-02",
    "clicks": 6620,
    "impressions": 380911,
    "conversions": 1968,
    "spend": 3763.75,
    "revenue": 30207.42
  },
  {
    "id": 11,
    "campaign": "SummerSale",
    "channel": "Instagram",
    "region": "Europe",
    "date": "2025-05-08",
    "clicks": 13681,
    "impressions": 480906,
    "conversions": 403,
    "spend": 6283.08,
    "revenue": 20510.45
  },
  {
    "id": 12,
    "campaign": "WinterPromo",
    "channel": "Google",
    "region": "South America",
    "date": "2025-08-09",
    "clicks": 17721,
    "impressions": 303498,
    "conversions": 1810,
    "spend": 2372.6,
    "revenue": 34726.16
  },
  {
    "id": 13,
    "campaign": "WinterPromo",
    "channel": "Snapchat",
    "region": "Asia",
    "date": "2025-07-11",
    "clicks": 13220,
    "impressions": 429081,
    "conversions": 1020,
    "spend": 6595.77,
    "revenue": 5319.88
  },
  {
    "id": 14,
    "campaign": "SummerSale",
    "channel": "Twitter",
    "region": "Asia",
    "date": "2025-10-03",
    "clicks": 8332,
    "impressions": 71383,
    "conversions": 580,
    "spend": 14263.81,
    "revenue": 4971.29
  },
  {
    "id": 15,
    "campaign": "WinterPromo",
    "channel": "Pinterest",
    "region": "Europe",
    "date": "2025-06-16",
    "clicks": 16823,
    "impressions": 902063,
    "conversions": 1237,
    "spend": 12252.26,
    "revenue": 38178.98
  },
  {
    "id": 16,
    "campaign": "WinterPromo",
    "channel": "TikTok",
    "region": "North America",
    "date": "2025-11-10",
    "clicks": 36691,
    "impressions": 199333,
    "conversions": 1851,
    "spend": 7055.59,
    "revenue": 18879.62
  },
  {
    "id": 17,
    "campaign": "SummerSale",
    "channel": "Twitter",
    "region": "Australia",
    "date": "2025-04-21",
    "clicks": 20024,
    "impressions": 687628,
    "conversions": 1772,
    "spend": 13898.66,
    "revenue": 47244.54
  },
  {
    "id": 18,
    "campaign": "CyberMonday",
    "channel": "Google",
    "region": "Australia",
    "date": "2025-09-25",
    "clicks": 19029,
    "impressions": 962811,
    "conversions": 1861,
    "spend": 905.07,
    "revenue": 17483.75
  },
  {
    "id": 19,
    "campaign": "BlackFriday",
    "channel": "TikTok",
    "region": "North America",
    "date": "2025-09-27",
    "clicks": 24620,
    "impressions": 742516,
    "conversions": 1154,
    "spend": 13553.82,
    "revenue": 27343.15
  },
  {
    "id": 20,
    "campaign": "NewYearDeal",
    "channel": "Pinterest",
    "region": "Europe",
    "date": "2025-12-10",
    "clicks": 30799,
    "impressions": 713966,
    "conversions": 1848,
    "spend": 6918.42,
    "revenue": 26124.51
  },
  {
    "id": 21,
    "campaign": "BackToSchool",
    "channel": "TikTok",
    "region": "Australia",
    "date": "2025-11-18",
    "clicks": 641,
    "impressions": 453308,
    "conversions": 614,
    "spend": 5406.24,
    "revenue": 8207.06
  },
  {
    "id": 22,
    "campaign": "SummerSale",
    "channel": "Google",
    "region": "North America",
    "date": "2025-05-19",
    "clicks": 45360,
    "impressions": 530821,
    "conversions": 630,
    "spend": 8579.66,
    "revenue": 48348.86
  },
  {
    "id": 23,
    "campaign": "CyberMonday",
    "channel": "Reddit",
    "region": "Asia",
    "date": "2025-01-14",
    "clicks": 7305,
    "impressions": 845611,
    "conversions": 1700,
    "spend": 10425.54,
    "revenue": 16098.08
  },
  {
    "id": 24,
    "campaign": "BackToSchool",
    "channel": "LinkedIn",
    "region": "Asia",
    "date": "2025-10-11",
    "clicks": 15005,
    "impressions": 30329,
    "conversions": 326,
    "spend": 2403.09,
    "revenue": 41070.46
  },
  {
    "id": 25,
    "campaign": "CyberMonday",
    "channel": "Instagram",
    "region": "Australia",
    "date": "2025-05-21",
    "clicks": 32046,
    "impressions": 982684,
    "conversions": 1563,
    "spend": 11856.93,
    "revenue": 31790.94
  },
  {
    "id": 26,
    "campaign": "NewYearDeal",
    "channel": "Snapchat",
    "region": "South America",
    "date": "2025-01-09",
    "clicks": 3006,
    "impressions": 229653,
    "conversions": 422,
    "spend": 14162.0,
    "revenue": 43216.04
  },
  {
    "id": 27,
    "campaign": "BlackFriday",
    "channel": "Snapchat",
    "region": "Europe",
    "date": "2025-10-18",
    "clicks": 3984,
    "impressions": 787093,
    "conversions": 1263,
    "spend": 854.66,
    "revenue": 36854.52
  },
  {
    "id": 28,
    "campaign": "CyberMonday",
    "channel": "Reddit",
    "region": "Asia",
    "date": "2025-05-10",
    "clicks": 35161,
    "impressions": 205039,
    "conversions": 841,
    "spend": 1457.43,
    "revenue": 25033.21
  },
  {
    "id": 29,
    "campaign": "CyberMonday",
    "channel": "YouTube",
    "region": "Australia",
    "date": "2025-05-19",
    "clicks": 39829,
    "impressions": 818648,
    "conversions": 74,
    "spend": 169.99,
    "revenue": 42369.51
  },
  {
    "id": 30,
    "campaign": "CyberMonday",
    "channel": "TikTok",
    "region": "North America",
    "date": "2025-09-23",
    "clicks": 3017,
    "impressions": 540350,
    "conversions": 1697,
    "spend": 5091.41,
    "revenue": 25443.16
  },
  {
    "id": 31,
    "campaign": "NewYearDeal",
    "channel": "Pinterest",
    "region": "North America",
    "date": "2025-03-14",
    "clicks": 49449,
    "impressions": 384893,
    "conversions": 1777,
    "spend": 3694.24,
    "revenue": 17590.38
  },
  {
    "id": 32,
    "campaign": "CyberMonday",
    "channel": "Twitter",
    "region": "Europe",
    "date": "2025-11-20",
    "clicks": 4389,
    "impressions": 967164,
    "conversions": 150,
    "spend": 5452.99,
    "revenue": 44796.16
  },
  {
    "id": 33,
    "campaign": "CyberMonday",
    "channel": "Snapchat",
    "region": "Asia",
    "date": "2025-02-08",
    "clicks": 13111,
    "impressions": 381657,
    "conversions": 539,
    "spend": 4200.05,
    "revenue": 15329.31
  },
  {
    "id": 34,
    "campaign": "NewYearDeal",
    "channel": "Facebook",
    "region": "Asia",
    "date": "2025-04-04",
    "clicks": 45017,
    "impressions": 384589,
    "conversions": 1004,
    "spend": 2985.79,
    "revenue": 37711.81
  },
  {
    "id": 35,
    "campaign": "BlackFriday",
    "channel": "Google",
    "region": "South America",
    "date": "2025-07-28",
    "clicks": 34993,
    "impressions": 74373,
    "conversions": 1307,
    "spend": 12292.29,
    "revenue": 26254.83
  },
  {
    "id": 36,
    "campaign": "NewYearDeal",
    "channel": "YouTube",
    "region": "North America",
    "date": "2025-06-21",
    "clicks": 27447,
    "impressions": 265531,
    "conversions": 525,
    "spend": 10508.38,
    "revenue": 38889.58
  },
  {
    "id": 37,
    "campaign": "WinterPromo",
    "channel": "Reddit",
    "region": "South America",
    "date": "2025-11-16",
    "clicks": 44615,
    "impressions": 105075,
    "conversions": 409,
    "spend": 2445.03,
    "revenue": 29460.69
  },
  {
    "id": 38,
    "campaign": "NewYearDeal",
    "channel": "YouTube",
    "region": "Australia",
    "date": "2025-04-02",
    "clicks": 44448,
    "impressions": 577373,
    "conversions": 1871,
    "spend": 7197.76,
    "revenue": 8813.48
  },
  {
    "id": 39,
    "campaign": "SummerSale",
    "channel": "Instagram",
    "region": "South America",
    "date": "2025-04-19",
    "clicks": 28347,
    "impressions": 427741,
    "conversions": 1377,
    "spend": 1621.81,
    "revenue": 4636.41
  },
  {
    "id": 40,
    "campaign": "CyberMonday",
    "channel": "Pinterest",
    "region": "South America",
    "date": "2025-08-01",
    "clicks": 4970,
    "impressions": 520397,
    "conversions": 1320,
    "spend": 6343.89,
    "revenue": 17145.1
  },
  {
    "id": 41,
    "campaign": "WinterPromo",
    "channel": "Pinterest",
    "region": "Europe",
    "date": "2025-09-12",
    "clicks": 2465,
    "impressions": 760470,
    "conversions": 1613,
    "spend": 14490.03,
    "revenue": 33615.7
  },
  {
    "id": 42,
    "campaign": "NewYearDeal",
    "channel": "Twitter",
    "region": "Australia",
    "date": "2025-06-11",
    "clicks": 33785,
    "impressions": 386783,
    "conversions": 1062,
    "spend": 8010.48,
    "revenue": 42378.71
  },
  {
    "id": 43,
    "campaign": "NewYearDeal",
    "channel": "Instagram",
    "region": "Asia",
    "date": "2025-10-01",
    "clicks": 39550,
    "impressions": 527288,
    "conversions": 1125,
    "spend": 2385.14,
    "revenue": 41471.84
  },
  {
    "id": 44,
    "campaign": "WinterPromo",
    "channel": "Twitter",
    "region": "North America",
    "date": "2025-12-27",
    "clicks": 33868,
    "impressions": 111295,
    "conversions": 361,
    "spend": 13883.3,
    "revenue": 19916.0
  },
  {
    "id": 45,
    "campaign": "NewYearDeal",
    "channel": "Pinterest",
    "region": "Europe",
    "date": "2025-10-15",
    "clicks": 7288,
    "impressions": 482843,
    "conversions": 1316,
    "spend": 3630.85,
    "revenue": 26664.81
  },
  {
    "id": 46,
    "campaign": "BackToSchool",
    "channel": "Pinterest",
    "region": "Europe",
    "date": "2025-06-19",
    "clicks": 45296,
    "impressions": 545115,
    "conversions": 1211,
    "spend": 11664.78,
    "revenue": 10632.33
  },
  {
    "id": 47,
    "campaign": "CyberMonday",
    "channel": "Instagram",
    "region": "North America",
    "date": "2025-01-05",
    "clicks": 17178,
    "impressions": 666690,
    "conversions": 285,
    "spend": 9880.66,
    "revenue": 30109.06
  },
  {
    "id": 48,
    "campaign": "BackToSchool",
    "channel": "LinkedIn",
    "region": "South America",
    "date": "2025-10-08",
    "clicks": 17423,
    "impressions": 691057,
    "conversions": 491,
    "spend": 10843.22,
    "revenue": 5171.6
  },
  {
    "id": 49,
    "campaign": "NewYearDeal",
    "channel": "YouTube",
    "region": "South America",
    "date": "2025-01-01",
    "clicks": 17245,
    "impressions": 29724,
    "conversions": 630,
    "spend": 5762.28,
    "revenue": 26215.02
  },
  {
    "id": 50,
    "campaign": "WinterPromo",
    "channel": "Facebook",
    "region": "South America",
    "date": "2025-10-16",
    "clicks": 17634,
    "impressions": 530584,
    "conversions": 179,
    "spend": 9544.09,
    "revenue": 8515.32
  },
  {
    "id": 51,
    "campaign": "SummerSale",
    "channel": "Snapchat",
    "region": "Asia",
    "date": "2025-12-11",
    "clicks": 25123,
    "impressions": 298530,
    "conversions": 556,
    "spend": 5767.29,
    "revenue": 791.38
  },
  {
    "id": 52,
    "campaign": "SummerSale",
    "channel": "Google",
    "region": "South America",
    "date": "2025-01-08",
    "clicks": 4319,
    "impressions": 249327,
    "conversions": 25,
    "spend": 5097.91,
    "revenue": 48239.01
  },
  {
    "id": 53,
    "campaign": "WinterPromo",
    "channel": "Snapchat",
    "region": "Australia",
    "date": "2025-05-07",
    "clicks": 49116,
    "impressions": 361125,
    "conversions": 212,
    "spend": 14080.87,
    "revenue": 44924.73
  },
  {
    "id": 54,
    "campaign": "WinterPromo",
    "channel": "Google",
    "region": "South America",
    "date": "2025-12-24",
    "clicks": 31857,
    "impressions": 632642,
    "conversions": 851,
    "spend": 2634.8,
    "revenue": 2893.42
  },
  {
    "id": 55,
    "campaign": "BlackFriday",
    "channel": "LinkedIn",
    "region": "Europe",
    "date": "2025-03-18",
    "clicks": 21131,
    "impressions": 367386,
    "conversions": 47,
    "spend": 11253.92,
    "revenue": 7180.33
  },
  {
    "id": 56,
    "campaign": "SummerSale",
    "channel": "Pinterest",
    "region": "Australia",
    "date": "2025-09-15",
    "clicks": 24227,
    "impressions": 383837,
    "conversions": 379,
    "spend": 4193.98,
    "revenue": 32352.72
  },
  {
    "id": 57,
    "campaign": "BackToSchool",
    "channel": "Instagram",
    "region": "Europe",
    "date": "2025-05-12",
    "clicks": 4106,
    "impressions": 833219,
    "conversions": 1118,
    "spend": 4453.7,
    "revenue": 3562.21
  },
  {
    "id": 58,
    "campaign": "SummerSale",
    "channel": "Facebook",
    "region": "Asia",
    "date": "2025-06-12",
    "clicks": 26988,
    "impressions": 692252,
    "conversions": 1469,
    "spend": 9735.46,
    "revenue": 3079.84
  },
  {
    "id": 59,
    "campaign": "WinterPromo",
    "channel": "Snapchat",
    "region": "Europe",
    "date": "2025-08-17",
    "clicks": 8880,
    "impressions": 776775,
    "conversions": 768,
    "spend": 11131.46,
    "revenue": 7345.25
  },
  {
    "id": 60,
    "campaign": "CyberMonday",
    "channel": "Pinterest",
    "region": "Europe",
    "date": "2025-03-18",
    "clicks": 23152,
    "impressions": 790351,
    "conversions": 474,
    "spend": 1502.17,
    "revenue": 7616.41
  },
  {
    "id": 61,
    "campaign": "CyberMonday",
    "channel": "Reddit",
    "region": "Europe",
    "date": "2025-05-02",
    "clicks": 6586,
    "impressions": 132377,
    "conversions": 284,
    "spend": 10391.7,
    "revenue": 5802.5
  },
  {
    "id": 62,
    "campaign": "WinterPromo",
    "channel": "YouTube",
    "region": "North America",
    "date": "2025-04-23",
    "clicks": 3726,
    "impressions": 20061,
    "conversions": 1490,
    "spend": 10090.99,
    "revenue": 32706.52
  },
  {
    "id": 63,
    "campaign": "NewYearDeal",
    "channel": "Reddit",
    "region": "North America",
    "date": "2025-05-19",
    "clicks": 24122,
    "impressions": 387265,
    "conversions": 923,
    "spend": 14184.83,
    "revenue": 19803.48
  },
  {
    "id": 64,
    "campaign": "SummerSale",
    "channel": "Facebook",
    "region": "Europe",
    "date": "2025-07-06",
    "clicks": 39290,
    "impressions": 669890,
    "conversions": 1161,
    "spend": 7998.94,
    "revenue": 23144.2
  },
  {
    "id": 65,
    "campaign": "BlackFriday",
    "channel": "Snapchat",
    "region": "South America",
    "date": "2025-01-27",
    "clicks": 41147,
    "impressions": 251889,
    "conversions": 1914,
    "spend": 6658.3,
    "revenue": 43186.19
  },
  {
    "id": 66,
    "campaign": "CyberMonday",
    "channel": "TikTok",
    "region": "Australia",
    "date": "2025-03-12",
    "clicks": 44314,
    "impressions": 754496,
    "conversions": 830,
    "spend": 3924.73,
    "revenue": 36577.73
  },
  {
    "id": 67,
    "campaign": "CyberMonday",
    "channel": "Pinterest",
    "region": "Europe",
    "date": "2025-03-09",
    "clicks": 32174,
    "impressions": 127179,
    "conversions": 1129,
    "spend": 2721.57,
    "revenue": 25932.44
  },
  {
    "id": 68,
    "campaign": "CyberMonday",
    "channel": "Facebook",
    "region": "North America",
    "date": "2025-07-03",
    "clicks": 44746,
    "impressions": 19993,
    "conversions": 321,
    "spend": 14774.38,
    "revenue": 4823.98
  },
  {
    "id": 69,
    "campaign": "NewYearDeal",
    "channel": "Snapchat",
    "region": "Australia",
    "date": "2025-08-23",
    "clicks": 25401,
    "impressions": 777439,
    "conversions": 116,
    "spend": 13253.73,
    "revenue": 28678.26
  },
  {
    "id": 70,
    "campaign": "BlackFriday",
    "channel": "Snapchat",
    "region": "Asia",
    "date": "2025-03-11",
    "clicks": 12749,
    "impressions": 559344,
    "conversions": 114,
    "spend": 2218.31,
    "revenue": 38426.66
  },
  {
    "id": 71,
    "campaign": "BlackFriday",
    "channel": "Facebook",
    "region": "Australia",
    "date": "2025-02-05",
    "clicks": 46987,
    "impressions": 471756,
    "conversions": 758,
    "spend": 1600.36,
    "revenue": 39713.05
  },
  {
    "id": 72,
    "campaign": "BackToSchool",
    "channel": "TikTok",
    "region": "Europe",
    "date": "2025-06-01",
    "clicks": 42851,
    "impressions": 783538,
    "conversions": 1337,
    "spend": 8799.88,
    "revenue": 28297.59
  },
  {
    "id": 73,
    "campaign": "BlackFriday",
    "channel": "Facebook",
    "region": "North America",
    "date": "2025-03-20",
    "clicks": 32453,
    "impressions": 431656,
    "conversions": 1478,
    "spend": 8719.32,
    "revenue": 38511.19
  },
  {
    "id": 74,
    "campaign": "WinterPromo",
    "channel": "Facebook",
    "region": "Europe",
    "date": "2025-03-03",
    "clicks": 39825,
    "impressions": 407615,
    "conversions": 881,
    "spend": 11612.28,
    "revenue": 12624.18
  },
  {
    "id": 75,
    "campaign": "BackToSchool",
    "channel": "Facebook",
    "region": "Asia",
    "date": "2025-06-14",
    "clicks": 35681,
    "impressions": 232009,
    "conversions": 439,
    "spend": 2650.19,
    "revenue": 10174.34
  },
  {
    "id": 76,
    "campaign": "SummerSale",
    "channel": "Google",
    "region": "North America",
    "date": "2025-01-05",
    "clicks": 10628,
    "impressions": 27021,
    "conversions": 1837,
    "spend": 12031.36,
    "revenue": 48885.34
  },
  {
    "id": 77,
    "campaign": "BlackFriday",
    "channel": "Instagram",
    "region": "North America",
    "date": "2025-07-04",
    "clicks": 25837,
    "impressions": 946522,
    "conversions": 1509,
    "spend": 2316.48,
    "revenue": 36235.8
  },
  {
    "id": 78,
    "campaign": "CyberMonday",
    "channel": "Twitter",
    "region": "Europe",
    "date": "2025-11-22",
    "clicks": 20126,
    "impressions": 367071,
    "conversions": 322,
    "spend": 2044.75,
    "revenue": 5495.67
  },
  {
    "id": 79,
    "campaign": "NewYearDeal",
    "channel": "LinkedIn",
    "region": "Australia",
    "date": "2025-01-06",
    "clicks": 34663,
    "impressions": 163957,
    "conversions": 1816,
    "spend": 8597.81,
    "revenue": 10888.44
  },
  {
    "id": 80,
    "campaign": "BackToSchool",
    "channel": "Reddit",
    "region": "Asia",
    "date": "2025-10-03",
    "clicks": 42639,
    "impressions": 246755,
    "conversions": 629,
    "spend": 11198.48,
    "revenue": 28974.59
  },
  {
    "id": 81,
    "campaign": "CyberMonday",
    "channel": "Instagram",
    "region": "South America",
    "date": "2025-05-20",
    "clicks": 42613,
    "impressions": 680795,
    "conversions": 1795,
    "spend": 12408.47,
    "revenue": 6192.75
  },
  {
    "id": 82,
    "campaign": "CyberMonday",
    "channel": "Reddit",
    "region": "North America",
    "date": "2025-12-08",
    "clicks": 48710,
    "impressions": 255209,
    "conversions": 1178,
    "spend": 3382.38,
    "revenue": 42023.22
  },
  {
    "id": 83,
    "campaign": "NewYearDeal",
    "channel": "Snapchat",
    "region": "South America",
    "date": "2025-05-21",
    "clicks": 2842,
    "impressions": 213943,
    "conversions": 1043,
    "spend": 9350.59,
    "revenue": 14770.81
  },
  {
    "id": 84,
    "campaign": "BlackFriday",
    "channel": "LinkedIn",
    "region": "Australia",
    "date": "2025-05-10",
    "clicks": 48580,
    "impressions": 514404,
    "conversions": 1888,
    "spend": 5983.62,
    "revenue": 19602.01
  },
  {
    "id": 85,
    "campaign": "NewYearDeal",
    "channel": "Twitter",
    "region": "Asia",
    "date": "2025-06-01",
    "clicks": 36011,
    "impressions": 190943,
    "conversions": 1159,
    "spend": 9377.49,
    "revenue": 43855.16
  },
  {
    "id": 86,
    "campaign": "BlackFriday",
    "channel": "Google",
    "region": "South America",
    "date": "2025-07-28",
    "clicks": 12514,
    "impressions": 76641,
    "conversions": 1812,
    "spend": 4121.24,
    "revenue": 38932.82
  },
  {
    "id": 87,
    "campaign": "BackToSchool",
    "channel": "Snapchat",
    "region": "Australia",
    "date": "2025-03-20",
    "clicks": 1810,
    "impressions": 346228,
    "conversions": 28,
    "spend": 3494.09,
    "revenue": 630.45
  },
  {
    "id": 88,
    "campaign": "BackToSchool",
    "channel": "Twitter",
    "region": "South America",
    "date": "2025-12-17",
    "clicks": 5826,
    "impressions": 583713,
    "conversions": 740,
    "spend": 7535.08,
    "revenue": 17049.3
  },
  {
    "id": 89,
    "campaign": "CyberMonday",
    "channel": "Instagram",
    "region": "South America",
    "date": "2025-03-17",
    "clicks": 21305,
    "impressions": 919652,
    "conversions": 683,
    "spend": 3866.75,
    "revenue": 45849.25
  },
  {
    "id": 90,
    "campaign": "WinterPromo",
    "channel": "Facebook",
    "region": "Australia",
    "date": "2025-12-06",
    "clicks": 43607,
    "impressions": 600971,
    "conversions": 1445,
    "spend": 14029.19,
    "revenue": 38255.37
  },
  {
    "id": 91,
    "campaign": "NewYearDeal",
    "channel": "TikTok",
    "region": "Europe",
    "date": "2025-11-01",
    "clicks": 30873,
    "impressions": 805667,
    "conversions": 1743,
    "spend": 10894.33,
    "revenue": 32664.9
  },
  {
    "id": 92,
    "campaign": "CyberMonday",
    "channel": "Pinterest",
    "region": "North America",
    "date": "2025-04-01",
    "clicks": 37768,
    "impressions": 208112,
    "conversions": 23,
    "spend": 8289.47,
    "revenue": 40205.47
  },
  {
    "id": 93,
    "campaign": "BlackFriday",
    "channel": "LinkedIn",
    "region": "Europe",
    "date": "2025-10-22",
    "clicks": 24548,
    "impressions": 60743,
    "conversions": 200,
    "spend": 7651.47,
    "revenue": 45158.66
  },
  {
    "id": 94,
    "campaign": "NewYearDeal",
    "channel": "TikTok",
    "region": "Australia",
    "date": "2025-10-27",
    "clicks": 19063,
    "impressions": 527717,
    "conversions": 409,
    "spend": 1571.46,
    "revenue": 9887.08
  },
  {
    "id": 95,
    "campaign": "NewYearDeal",
    "channel": "LinkedIn",
    "region": "Europe",
    "date": "2025-09-03",
    "clicks": 24102,
    "impressions": 909250,
    "conversions": 563,
    "spend": 8415.15,
    "revenue": 38198.71
  },
  {
    "id": 96,
    "campaign": "WinterPromo",
    "channel": "YouTube",
    "region": "North America",
    "date": "2025-07-26",
    "clicks": 9428,
    "impressions": 64488,
    "conversions": 1738,
    "spend": 343.16,
    "revenue": 27114.29
  },
  {
    "id": 97,
    "campaign": "SummerSale",
    "channel": "Google",
    "region": "South America",
    "date": "2025-06-17",
    "clicks": 39037,
    "impressions": 756820,
    "conversions": 1054,
    "spend": 10122.8,
    "revenue": 16422.58
  },
  {
    "id": 98,
    "campaign": "BackToSchool",
    "channel": "Instagram",
    "region": "South America",
    "date": "2025-04-28",
    "clicks": 5839,
    "impressions": 185848,
    "conversions": 1546,
    "spend": 641.73,
    "revenue": 38246.24
  },
  {
    "id": 99,
    "campaign": "BackToSchool",
    "channel": "Reddit",
    "region": "Asia",
    "date": "2025-08-07",
    "clicks": 22124,
    "impressions": 115531,
    "conversions": 1193,
    "spend": 885.57,
    "revenue": 27646.57
  },
  {
    "id": 100,
    "campaign": "NewYearDeal",
    "channel": "YouTube",
    "region": "Asia",
    "date": "2025-12-21",
    "clicks": 49532,
    "impressions": 11723,
    "conversions": 1483,
    "spend": 11428.77,
    "revenue": 36924.7
  },
  {
    "id": 101,
    "campaign": "SummerSale",
    "channel": "YouTube",
    "region": "North America",
    "date": "2025-04-16",
    "clicks": 25166,
    "impressions": 670333,
    "conversions": 152,
    "spend": 3859.72,
    "revenue": 28658.05
  },
  {
    "id": 102,
    "campaign": "SummerSale",
    "channel": "YouTube",
    "region": "Europe",
    "date": "2025-03-28",
    "clicks": 38151,
    "impressions": 461532,
    "conversions": 298,
    "spend": 9753.95,
    "revenue": 9588.38
  },
  {
    "id": 103,
    "campaign": "CyberMonday",
    "channel": "Snapchat",
    "region": "Europe",
    "date": "2025-07-22",
    "clicks": 8647,
    "impressions": 330970,
    "conversions": 405,
    "spend": 4931.38,
    "revenue": 24581.84
  },
  {
    "id": 104,
    "campaign": "WinterPromo",
    "channel": "LinkedIn",
    "region": "South America",
    "date": "2025-01-08",
    "clicks": 46884,
    "impressions": 24571,
    "conversions": 1751,
    "spend": 6656.4,
    "revenue": 45462.04
  },
  {
    "id": 105,
    "campaign": "SummerSale",
    "channel": "Twitter",
    "region": "North America",
    "date": "2025-02-17",
    "clicks": 17123,
    "impressions": 624534,
    "conversions": 358,
    "spend": 13908.78,
    "revenue": 15881.78
  },
  {
    "id": 106,
    "campaign": "CyberMonday",
    "channel": "TikTok",
    "region": "Asia",
    "date": "2025-02-01",
    "clicks": 44875,
    "impressions": 744405,
    "conversions": 1168,
    "spend": 6453.17,
    "revenue": 41130.11
  },
  {
    "id": 107,
    "campaign": "BlackFriday",
    "channel": "Twitter",
    "region": "Europe",
    "date": "2025-12-06",
    "clicks": 47303,
    "impressions": 695787,
    "conversions": 357,
    "spend": 12695.46,
    "revenue": 43763.55
  },
  {
    "id": 108,
    "campaign": "BlackFriday",
    "channel": "Instagram",
    "region": "Asia",
    "date": "2025-11-24",
    "clicks": 35326,
    "impressions": 431482,
    "conversions": 74,
    "spend": 1223.31,
    "revenue": 46487.91
  },
  {
    "id": 109,
    "campaign": "SummerSale",
    "channel": "TikTok",
    "region": "Australia",
    "date": "2025-09-08",
    "clicks": 16969,
    "impressions": 115549,
    "conversions": 489,
    "spend": 10245.26,
    "revenue": 46180.79
  },
  {
    "id": 110,
    "campaign": "NewYearDeal",
    "channel": "TikTok",
    "region": "Australia",
    "date": "2025-09-13",
    "clicks": 46906,
    "impressions": 313094,
    "conversions": 1086,
    "spend": 8967.08,
    "revenue": 27952.2
  },
  {
    "id": 111,
    "campaign": "BlackFriday",
    "channel": "Twitter",
    "region": "Europe",
    "date": "2025-03-19",
    "clicks": 9756,
    "impressions": 183957,
    "conversions": 51,
    "spend": 11257.69,
    "revenue": 47570.36
  },
  {
    "id": 112,
    "campaign": "SummerSale",
    "channel": "Instagram",
    "region": "Asia",
    "date": "2025-05-09",
    "clicks": 9598,
    "impressions": 431710,
    "conversions": 1457,
    "spend": 11147.53,
    "revenue": 9689.55
  },
  {
    "id": 113,
    "campaign": "CyberMonday",
    "channel": "YouTube",
    "region": "Europe",
    "date": "2025-06-18",
    "clicks": 9168,
    "impressions": 177808,
    "conversions": 1068,
    "spend": 6332.4,
    "revenue": 16088.32
  },
  {
    "id": 114,
    "campaign": "SummerSale",
    "channel": "Instagram",
    "region": "North America",
    "date": "2025-03-25",
    "clicks": 21661,
    "impressions": 362109,
    "conversions": 1840,
    "spend": 10111.14,
    "revenue": 33496.73
  },
  {
    "id": 115,
    "campaign": "SummerSale",
    "channel": "Reddit",
    "region": "Australia",
    "date": "2025-06-04",
    "clicks": 27975,
    "impressions": 218178,
    "conversions": 726,
    "spend": 14878.58,
    "revenue": 15207.83
  },
  {
    "id": 116,
    "campaign": "CyberMonday",
    "channel": "Facebook",
    "region": "South America",
    "date": "2025-08-27",
    "clicks": 39695,
    "impressions": 704580,
    "conversions": 929,
    "spend": 9705.7,
    "revenue": 3722.94
  },
  {
    "id": 117,
    "campaign": "BlackFriday",
    "channel": "LinkedIn",
    "region": "Australia",
    "date": "2025-07-01",
    "clicks": 22452,
    "impressions": 637705,
    "conversions": 1117,
    "spend": 3580.0,
    "revenue": 26036.04
  },
  {
    "id": 118,
    "campaign": "BackToSchool",
    "channel": "YouTube",
    "region": "Asia",
    "date": "2025-04-26",
    "clicks": 21703,
    "impressions": 848478,
    "conversions": 1750,
    "spend": 8973.69,
    "revenue": 34511.68
  },
  {
    "id": 119,
    "campaign": "BlackFriday",
    "channel": "Pinterest",
    "region": "Australia",
    "date": "2025-10-09",
    "clicks": 25546,
    "impressions": 592390,
    "conversions": 320,
    "spend": 12735.38,
    "revenue": 25353.63
  },
  {
    "id": 120,
    "campaign": "CyberMonday",
    "channel": "Reddit",
    "region": "Europe",
    "date": "2025-02-20",
    "clicks": 46219,
    "impressions": 144861,
    "conversions": 190,
    "spend": 2340.95,
    "revenue": 36164.85
  },
  {
    "id": 121,
    "campaign": "SummerSale",
    "channel": "Instagram",
    "region": "North America",
    "date": "2025-02-03",
    "clicks": 41001,
    "impressions": 750898,
    "conversions": 627,
    "spend": 12482.22,
    "revenue": 24952.14
  },
  {
    "id": 122,
    "campaign": "BlackFriday",
    "channel": "Facebook",
    "region": "North America",
    "date": "2025-06-01",
    "clicks": 36833,
    "impressions": 991217,
    "conversions": 1907,
    "spend": 8003.6,
    "revenue": 12907.56
  },
  {
    "id": 123,
    "campaign": "BackToSchool",
    "channel": "Snapchat",
    "region": "Europe",
    "date": "2025-05-24",
    "clicks": 38021,
    "impressions": 333874,
    "conversions": 1959,
    "spend": 11557.11,
    "revenue": 44044.75
  },
  {
    "id": 124,
    "campaign": "NewYearDeal",
    "channel": "YouTube",
    "region": "South America",
    "date": "2025-03-21",
    "clicks": 15575,
    "impressions": 245225,
    "conversions": 1384,
    "spend": 3968.84,
    "revenue": 40475.16
  },
  {
    "id": 125,
    "campaign": "BlackFriday",
    "channel": "Google",
    "region": "Asia",
    "date": "2025-09-04",
    "clicks": 20813,
    "impressions": 154840,
    "conversions": 1519,
    "spend": 12865.46,
    "revenue": 14575.85
  },
  {
    "id": 126,
    "campaign": "BackToSchool",
    "channel": "Google",
    "region": "Europe",
    "date": "2025-07-09",
    "clicks": 5596,
    "impressions": 801348,
    "conversions": 230,
    "spend": 2800.51,
    "revenue": 15045.91
  },
  {
    "id": 127,
    "campaign": "BackToSchool",
    "channel": "Instagram",
    "region": "Europe",
    "date": "2025-09-02",
    "clicks": 40842,
    "impressions": 575867,
    "conversions": 1417,
    "spend": 2076.01,
    "revenue": 18523.58
  },
  {
    "id": 128,
    "campaign": "WinterPromo",
    "channel": "Reddit",
    "region": "North America",
    "date": "2025-04-23",
    "clicks": 14390,
    "impressions": 884195,
    "conversions": 1242,
    "spend": 12965.89,
    "revenue": 12882.1
  },
  {
    "id": 129,
    "campaign": "WinterPromo",
    "channel": "Facebook",
    "region": "North America",
    "date": "2025-05-02",
    "clicks": 27930,
    "impressions": 943714,
    "conversions": 728,
    "spend": 14622.59,
    "revenue": 16781.94
  },
  {
    "id": 130,
    "campaign": "WinterPromo",
    "channel": "Reddit",
    "region": "North America",
    "date": "2025-03-16",
    "clicks": 20028,
    "impressions": 445362,
    "conversions": 584,
    "spend": 1598.35,
    "revenue": 6908.35
  },
  {
    "id": 131,
    "campaign": "BlackFriday",
    "channel": "Snapchat",
    "region": "Asia",
    "date": "2025-08-17",
    "clicks": 7838,
    "impressions": 814969,
    "conversions": 1126,
    "spend": 13707.02,
    "revenue": 30322.87
  },
  {
    "id": 132,
    "campaign": "BlackFriday",
    "channel": "Snapchat",
    "region": "Europe",
    "date": "2025-03-21",
    "clicks": 31586,
    "impressions": 841044,
    "conversions": 959,
    "spend": 6168.53,
    "revenue": 46926.69
  },
  {
    "id": 133,
    "campaign": "WinterPromo",
    "channel": "Instagram",
    "region": "Asia",
    "date": "2025-10-14",
    "clicks": 4860,
    "impressions": 253660,
    "conversions": 368,
    "spend": 13495.78,
    "revenue": 28681.75
  },
  {
    "id": 134,
    "campaign": "BackToSchool",
    "channel": "Pinterest",
    "region": "South America",
    "date": "2025-03-15",
    "clicks": 26813,
    "impressions": 82723,
    "conversions": 449,
    "spend": 14670.26,
    "revenue": 8529.83
  },
  {
    "id": 135,
    "campaign": "WinterPromo",
    "channel": "Twitter",
    "region": "Europe",
    "date": "2025-05-02",
    "clicks": 30657,
    "impressions": 302935,
    "conversions": 489,
    "spend": 12940.37,
    "revenue": 46454.5
  },
  {
    "id": 136,
    "campaign": "NewYearDeal",
    "channel": "Instagram",
    "region": "South America",
    "date": "2025-06-11",
    "clicks": 23171,
    "impressions": 324983,
    "conversions": 1872,
    "spend": 2239.56,
    "revenue": 9575.64
  },
  {
    "id": 137,
    "campaign": "SummerSale",
    "channel": "Pinterest",
    "region": "Australia",
    "date": "2025-06-04",
    "clicks": 8679,
    "impressions": 562682,
    "conversions": 1251,
    "spend": 5735.69,
    "revenue": 4324.25
  },
  {
    "id": 138,
    "campaign": "SummerSale",
    "channel": "Instagram",
    "region": "Europe",
    "date": "2025-12-20",
    "clicks": 44785,
    "impressions": 863170,
    "conversions": 840,
    "spend": 4116.6,
    "revenue": 20925.67
  },
  {
    "id": 139,
    "campaign": "BackToSchool",
    "channel": "Reddit",
    "region": "Europe",
    "date": "2025-01-18",
    "clicks": 303,
    "impressions": 931843,
    "conversions": 1179,
    "spend": 9152.6,
    "revenue": 27126.44
  },
  {
    "id": 140,
    "campaign": "WinterPromo",
    "channel": "Snapchat",
    "region": "Australia",
    "date": "2025-05-17",
    "clicks": 710,
    "impressions": 850330,
    "conversions": 1945,
    "spend": 13587.91,
    "revenue": 48500.75
  },
  {
    "id": 141,
    "campaign": "BlackFriday",
    "channel": "LinkedIn",
    "region": "Australia",
    "date": "2025-12-26",
    "clicks": 27459,
    "impressions": 496652,
    "conversions": 1847,
    "spend": 10919.25,
    "revenue": 3833.75
  },
  {
    "id": 142,
    "campaign": "BackToSchool",
    "channel": "Snapchat",
    "region": "Australia",
    "date": "2025-06-12",
    "clicks": 9257,
    "impressions": 485420,
    "conversions": 1005,
    "spend": 601.28,
    "revenue": 38588.04
  },
  {
    "id": 143,
    "campaign": "SummerSale",
    "channel": "Pinterest",
    "region": "Australia",
    "date": "2025-12-22",
    "clicks": 14620,
    "impressions": 438833,
    "conversions": 1182,
    "spend": 1035.92,
    "revenue": 48050.94
  },
  {
    "id": 144,
    "campaign": "NewYearDeal",
    "channel": "Snapchat",
    "region": "South America",
    "date": "2025-08-20",
    "clicks": 42664,
    "impressions": 234196,
    "conversions": 1626,
    "spend": 11393.64,
    "revenue": 852.07
  },
  {
    "id": 145,
    "campaign": "CyberMonday",
    "channel": "Instagram",
    "region": "Asia",
    "date": "2025-07-18",
    "clicks": 19730,
    "impressions": 963155,
    "conversions": 622,
    "spend": 6082.89,
    "revenue": 33239.22
  },
  {
    "id": 146,
    "campaign": "NewYearDeal",
    "channel": "Reddit",
    "region": "North America",
    "date": "2025-02-20",
    "clicks": 33640,
    "impressions": 891530,
    "conversions": 906,
    "spend": 114.23,
    "revenue": 2374.61
  },
  {
    "id": 147,
    "campaign": "BlackFriday",
    "channel": "Google",
    "region": "South America",
    "date": "2025-11-28",
    "clicks": 16190,
    "impressions": 570873,
    "conversions": 1135,
    "spend": 5660.79,
    "revenue": 4443.6
  },
  {
    "id": 148,
    "campaign": "CyberMonday",
    "channel": "Pinterest",
    "region": "North America",
    "date": "2025-12-07",
    "clicks": 796,
    "impressions": 650197,
    "conversions": 884,
    "spend": 9888.92,
    "revenue": 9139.93
  },
  {
    "id": 149,
    "campaign": "SummerSale",
    "channel": "Facebook",
    "region": "North America",
    "date": "2025-04-22",
    "clicks": 41327,
    "impressions": 480099,
    "conversions": 102,
    "spend": 9981.76,
    "revenue": 12790.25
  },
  {
    "id": 150,
    "campaign": "SummerSale",
    "channel": "Google",
    "region": "South America",
    "date": "2025-11-17",
    "clicks": 45771,
    "impressions": 731460,
    "conversions": 1526,
    "spend": 5726.96,
    "revenue": 49682.77
  },
  {
    "id": 151,
    "campaign": "CyberMonday",
    "channel": "Google",
    "region": "Europe",
    "date": "2025-02-22",
    "clicks": 12658,
    "impressions": 117599,
    "conversions": 650,
    "spend": 12765.68,
    "revenue": 10655.86
  },
  {
    "id": 152,
    "campaign": "SummerSale",
    "channel": "Pinterest",
    "region": "South America",
    "date": "2025-02-14",
    "clicks": 12906,
    "impressions": 909387,
    "conversions": 1893,
    "spend": 12729.4,
    "revenue": 27041.02
  },
  {
    "id": 153,
    "campaign": "BackToSchool",
    "channel": "Instagram",
    "region": "South America",
    "date": "2025-11-23",
    "clicks": 15869,
    "impressions": 787551,
    "conversions": 1948,
    "spend": 10224.54,
    "revenue": 1878.51
  },
  {
    "id": 154,
    "campaign": "NewYearDeal",
    "channel": "Twitter",
    "region": "South America",
    "date": "2025-09-16",
    "clicks": 9618,
    "impressions": 967353,
    "conversions": 536,
    "spend": 648.1,
    "revenue": 49074.7
  },
  {
    "id": 155,
    "campaign": "BackToSchool",
    "channel": "Google",
    "region": "North America",
    "date": "2025-07-01",
    "clicks": 21478,
    "impressions": 49323,
    "conversions": 1291,
    "spend": 4702.81,
    "revenue": 7106.42
  },
  {
    "id": 156,
    "campaign": "CyberMonday",
    "channel": "Snapchat",
    "region": "Asia",
    "date": "2025-07-23",
    "clicks": 12129,
    "impressions": 688842,
    "conversions": 1398,
    "spend": 14993.72,
    "revenue": 48270.75
  },
  {
    "id": 157,
    "campaign": "CyberMonday",
    "channel": "Snapchat",
    "region": "North America",
    "date": "2025-06-02",
    "clicks": 9337,
    "impressions": 22726,
    "conversions": 1929,
    "spend": 14317.43,
    "revenue": 34878.61
  },
  {
    "id": 158,
    "campaign": "SummerSale",
    "channel": "TikTok",
    "region": "North America",
    "date": "2025-10-25",
    "clicks": 27335,
    "impressions": 282837,
    "conversions": 207,
    "spend": 2770.55,
    "revenue": 35730.59
  },
  {
    "id": 159,
    "campaign": "BackToSchool",
    "channel": "TikTok",
    "region": "North America",
    "date": "2025-07-06",
    "clicks": 49984,
    "impressions": 775361,
    "conversions": 467,
    "spend": 11969.27,
    "revenue": 8372.5
  },
  {
    "id": 160,
    "campaign": "CyberMonday",
    "channel": "Instagram",
    "region": "South America",
    "date": "2025-07-11",
    "clicks": 3061,
    "impressions": 834180,
    "conversions": 1266,
    "spend": 10334.64,
    "revenue": 28090.89
  },
  {
    "id": 161,
    "campaign": "NewYearDeal",
    "channel": "Twitter",
    "region": "Australia",
    "date": "2025-04-03",
    "clicks": 13421,
    "impressions": 253326,
    "conversions": 112,
    "spend": 1794.7,
    "revenue": 40478.01
  },
  {
    "id": 162,
    "campaign": "BackToSchool",
    "channel": "YouTube",
    "region": "South America",
    "date": "2025-02-18",
    "clicks": 47388,
    "impressions": 898222,
    "conversions": 1911,
    "spend": 8549.08,
    "revenue": 31289.78
  },
  {
    "id": 163,
    "campaign": "NewYearDeal",
    "channel": "Reddit",
    "region": "South America",
    "date": "2025-05-12",
    "clicks": 14116,
    "impressions": 747837,
    "conversions": 763,
    "spend": 3962.0,
    "revenue": 26676.17
  },
  {
    "id": 164,
    "campaign": "SummerSale",
    "channel": "Snapchat",
    "region": "North America",
    "date": "2025-11-18",
    "clicks": 12747,
    "impressions": 487614,
    "conversions": 269,
    "spend": 1360.6,
    "revenue": 6410.1
  },
  {
    "id": 165,
    "campaign": "BackToSchool",
    "channel": "Twitter",
    "region": "Europe",
    "date": "2025-02-10",
    "clicks": 7070,
    "impressions": 191559,
    "conversions": 876,
    "spend": 11442.47,
    "revenue": 6181.11
  },
  {
    "id": 166,
    "campaign": "NewYearDeal",
    "channel": "Reddit",
    "region": "South America",
    "date": "2025-04-20",
    "clicks": 48794,
    "impressions": 835674,
    "conversions": 1213,
    "spend": 3220.91,
    "revenue": 3932.21
  },
  {
    "id": 167,
    "campaign": "CyberMonday",
    "channel": "Snapchat",
    "region": "Asia",
    "date": "2025-08-27",
    "clicks": 32894,
    "impressions": 952763,
    "conversions": 690,
    "spend": 7291.81,
    "revenue": 9609.7
  },
  {
    "id": 168,
    "campaign": "WinterPromo",
    "channel": "LinkedIn",
    "region": "Australia",
    "date": "2025-07-06",
    "clicks": 45038,
    "impressions": 21478,
    "conversions": 1975,
    "spend": 3725.0,
    "revenue": 14500.17
  },
  {
    "id": 169,
    "campaign": "BlackFriday",
    "channel": "YouTube",
    "region": "South America",
    "date": "2025-10-20",
    "clicks": 42761,
    "impressions": 837677,
    "conversions": 1336,
    "spend": 4489.32,
    "revenue": 32765.47
  },
  {
    "id": 170,
    "campaign": "CyberMonday",
    "channel": "TikTok",
    "region": "Asia",
    "date": "2025-02-23",
    "clicks": 7988,
    "impressions": 757848,
    "conversions": 1267,
    "spend": 6881.75,
    "revenue": 17589.67
  },
  {
    "id": 171,
    "campaign": "SummerSale",
    "channel": "LinkedIn",
    "region": "Asia",
    "date": "2025-02-19",
    "clicks": 19717,
    "impressions": 291736,
    "conversions": 1526,
    "spend": 7969.52,
    "revenue": 22342.55
  },
  {
    "id": 172,
    "campaign": "NewYearDeal",
    "channel": "YouTube",
    "region": "South America",
    "date": "2025-03-05",
    "clicks": 39456,
    "impressions": 769349,
    "conversions": 217,
    "spend": 9222.17,
    "revenue": 23778.32
  },
  {
    "id": 173,
    "campaign": "BackToSchool",
    "channel": "Reddit",
    "region": "South America",
    "date": "2025-04-28",
    "clicks": 43211,
    "impressions": 657843,
    "conversions": 813,
    "spend": 2931.88,
    "revenue": 26061.27
  },
  {
    "id": 174,
    "campaign": "NewYearDeal",
    "channel": "YouTube",
    "region": "Australia",
    "date": "2025-01-10",
    "clicks": 4286,
    "impressions": 579225,
    "conversions": 1331,
    "spend": 14024.55,
    "revenue": 6771.05
  },
  {
    "id": 175,
    "campaign": "CyberMonday",
    "channel": "Snapchat",
    "region": "South America",
    "date": "2025-08-04",
    "clicks": 747,
    "impressions": 589070,
    "conversions": 16,
    "spend": 2605.81,
    "revenue": 7582.59
  },
  {
    "id": 176,
    "campaign": "CyberMonday",
    "channel": "Facebook",
    "region": "North America",
    "date": "2025-08-06",
    "clicks": 9724,
    "impressions": 159993,
    "conversions": 806,
    "spend": 1101.33,
    "revenue": 48550.08
  },
  {
    "id": 177,
    "campaign": "SummerSale",
    "channel": "Instagram",
    "region": "Asia",
    "date": "2025-07-21",
    "clicks": 28805,
    "impressions": 638199,
    "conversions": 1627,
    "spend": 3311.58,
    "revenue": 47494.15
  },
  {
    "id": 178,
    "campaign": "WinterPromo",
    "channel": "Snapchat",
    "region": "Asia",
    "date": "2025-05-22",
    "clicks": 46640,
    "impressions": 412592,
    "conversions": 1778,
    "spend": 7122.68,
    "revenue": 39346.06
  },
  {
    "id": 179,
    "campaign": "CyberMonday",
    "channel": "Reddit",
    "region": "South America",
    "date": "2025-10-02",
    "clicks": 9575,
    "impressions": 755461,
    "conversions": 1077,
    "spend": 13542.5,
    "revenue": 5530.49
  },
  {
    "id": 180,
    "campaign": "BackToSchool",
    "channel": "YouTube",
    "region": "South America",
    "date": "2025-07-15",
    "clicks": 20520,
    "impressions": 68486,
    "conversions": 330,
    "spend": 1692.51,
    "revenue": 41589.98
  },
  {
    "id": 181,
    "campaign": "SummerSale",
    "channel": "Snapchat",
    "region": "Australia",
    "date": "2025-08-03",
    "clicks": 9316,
    "impressions": 371041,
    "conversions": 869,
    "spend": 1504.2,
    "revenue": 39916.23
  },
  {
    "id": 182,
    "campaign": "CyberMonday",
    "channel": "Facebook",
    "region": "Australia",
    "date": "2025-10-28",
    "clicks": 46147,
    "impressions": 724119,
    "conversions": 203,
    "spend": 12650.14,
    "revenue": 35441.04
  },
  {
    "id": 183,
    "campaign": "NewYearDeal",
    "channel": "Pinterest",
    "region": "Asia",
    "date": "2025-07-07",
    "clicks": 39492,
    "impressions": 837280,
    "conversions": 138,
    "spend": 8082.34,
    "revenue": 30001.79
  },
  {
    "id": 184,
    "campaign": "CyberMonday",
    "channel": "Twitter",
    "region": "North America",
    "date": "2025-05-03",
    "clicks": 40849,
    "impressions": 650875,
    "conversions": 840,
    "spend": 1520.37,
    "revenue": 40558.67
  },
  {
    "id": 185,
    "campaign": "BackToSchool",
    "channel": "Pinterest",
    "region": "South America",
    "date": "2025-06-10",
    "clicks": 17347,
    "impressions": 230382,
    "conversions": 1488,
    "spend": 4538.58,
    "revenue": 44425.01
  },
  {
    "id": 186,
    "campaign": "SummerSale",
    "channel": "Twitter",
    "region": "Asia",
    "date": "2025-12-19",
    "clicks": 2061,
    "impressions": 666709,
    "conversions": 791,
    "spend": 788.48,
    "revenue": 37419.03
  },
  {
    "id": 187,
    "campaign": "NewYearDeal",
    "channel": "Instagram",
    "region": "Australia",
    "date": "2025-10-08",
    "clicks": 45014,
    "impressions": 300599,
    "conversions": 449,
    "spend": 13708.68,
    "revenue": 28176.7
  },
  {
    "id": 188,
    "campaign": "BlackFriday",
    "channel": "Instagram",
    "region": "Asia",
    "date": "2025-06-28",
    "clicks": 8395,
    "impressions": 637090,
    "conversions": 362,
    "spend": 1967.01,
    "revenue": 28302.55
  },
  {
    "id": 189,
    "campaign": "WinterPromo",
    "channel": "Twitter",
    "region": "Australia",
    "date": "2025-04-02",
    "clicks": 21642,
    "impressions": 322031,
    "conversions": 1872,
    "spend": 13444.44,
    "revenue": 47344.74
  },
  {
    "id": 190,
    "campaign": "CyberMonday",
    "channel": "Instagram",
    "region": "South America",
    "date": "2025-07-28",
    "clicks": 7648,
    "impressions": 730742,
    "conversions": 1347,
    "spend": 9893.95,
    "revenue": 36116.54
  },
  {
    "id": 191,
    "campaign": "SummerSale",
    "channel": "TikTok",
    "region": "Asia",
    "date": "2025-11-16",
    "clicks": 28859,
    "impressions": 877553,
    "conversions": 312,
    "spend": 8238.66,
    "revenue": 5463.57
  },
  {
    "id": 192,
    "campaign": "WinterPromo",
    "channel": "LinkedIn",
    "region": "Europe",
    "date": "2025-07-02",
    "clicks": 10453,
    "impressions": 584968,
    "conversions": 1076,
    "spend": 13298.48,
    "revenue": 17368.55
  },
  {
    "id": 193,
    "campaign": "BlackFriday",
    "channel": "Reddit",
    "region": "Australia",
    "date": "2025-11-18",
    "clicks": 30085,
    "impressions": 113358,
    "conversions": 1193,
    "spend": 10121.61,
    "revenue": 37797.98
  },
  {
    "id": 194,
    "campaign": "WinterPromo",
    "channel": "Reddit",
    "region": "North America",
    "date": "2025-07-11",
    "clicks": 10494,
    "impressions": 820944,
    "conversions": 641,
    "spend": 10280.07,
    "revenue": 39193.99
  },
  {
    "id": 195,
    "campaign": "BlackFriday",
    "channel": "Twitter",
    "region": "Asia",
    "date": "2025-10-12",
    "clicks": 17965,
    "impressions": 751182,
    "conversions": 542,
    "spend": 9923.49,
    "revenue": 4198.03
  },
  {
    "id": 196,
    "campaign": "SummerSale",
    "channel": "Twitter",
    "region": "South America",
    "date": "2025-04-04",
    "clicks": 1319,
    "impressions": 802576,
    "conversions": 1261,
    "spend": 1332.18,
    "revenue": 38412.64
  },
  {
    "id": 197,
    "campaign": "CyberMonday",
    "channel": "Twitter",
    "region": "South America",
    "date": "2025-09-25",
    "clicks": 38170,
    "impressions": 649715,
    "conversions": 1561,
    "spend": 10968.45,
    "revenue": 34446.75
  },
  {
    "id": 198,
    "campaign": "WinterPromo",
    "channel": "Snapchat",
    "region": "Asia",
    "date": "2025-03-17",
    "clicks": 2592,
    "impressions": 178549,
    "conversions": 451,
    "spend": 6257.64,
    "revenue": 37104.53
  },
  {
    "id": 199,
    "campaign": "BlackFriday",
    "channel": "Google",
    "region": "Australia",
    "date": "2025-06-28",
    "clicks": 39561,
    "impressions": 966235,
    "conversions": 565,
    "spend": 693.21,
    "revenue": 20314.91
  },
  {
    "id": 200,
    "campaign": "WinterPromo",
    "channel": "Reddit",
    "region": "Australia",
    "date": "2025-03-27",
    "clicks": 10426,
    "impressions": 622961,
    "conversions": 472,
    "spend": 7291.17,
    "revenue": 10959.81
  },
  {
    "id": 201,
    "campaign": "NewYearDeal",
    "channel": "YouTube",
    "region": "North America",
    "date": "2025-07-13",
    "clicks": 17685,
    "impressions": 915629,
    "conversions": 934,
    "spend": 2812.52,
    "revenue": 43725.28
  },
  {
    "id": 202,
    "campaign": "WinterPromo",
    "channel": "TikTok",
    "region": "North America",
    "date": "2025-04-07",
    "clicks": 26991,
    "impressions": 34772,
    "conversions": 1793,
    "spend": 14572.71,
    "revenue": 11286.03
  },
  {
    "id": 203,
    "campaign": "BlackFriday",
    "channel": "Pinterest",
    "region": "Asia",
    "date": "2025-05-07",
    "clicks": 21463,
    "impressions": 947839,
    "conversions": 1403,
    "spend": 9676.17,
    "revenue": 19466.05
  },
  {
    "id": 204,
    "campaign": "BackToSchool",
    "channel": "Reddit",
    "region": "South America",
    "date": "2025-08-06",
    "clicks": 5435,
    "impressions": 519409,
    "conversions": 1386,
    "spend": 8196.8,
    "revenue": 14704.78
  },
  {
    "id": 205,
    "campaign": "BackToSchool",
    "channel": "Reddit",
    "region": "Australia",
    "date": "2025-05-16",
    "clicks": 774,
    "impressions": 89921,
    "conversions": 496,
    "spend": 7974.87,
    "revenue": 14044.96
  },
  {
    "id": 206,
    "campaign": "WinterPromo",
    "channel": "TikTok",
    "region": "North America",
    "date": "2025-06-06",
    "clicks": 42474,
    "impressions": 626335,
    "conversions": 1941,
    "spend": 9344.77,
    "revenue": 6152.71
  },
  {
    "id": 207,
    "campaign": "BackToSchool",
    "channel": "Reddit",
    "region": "South America",
    "date": "2025-05-05",
    "clicks": 42458,
    "impressions": 81970,
    "conversions": 1395,
    "spend": 11513.14,
    "revenue": 24291.61
  },
  {
    "id": 208,
    "campaign": "SummerSale",
    "channel": "Snapchat",
    "region": "Asia",
    "date": "2025-03-21",
    "clicks": 21233,
    "impressions": 200991,
    "conversions": 1037,
    "spend": 854.18,
    "revenue": 27435.42
  },
  {
    "id": 209,
    "campaign": "CyberMonday",
    "channel": "YouTube",
    "region": "Australia",
    "date": "2025-04-19",
    "clicks": 971,
    "impressions": 958214,
    "conversions": 307,
    "spend": 5267.5,
    "revenue": 33777.45
  },
  {
    "id": 210,
    "campaign": "BackToSchool",
    "channel": "Facebook",
    "region": "Asia",
    "date": "2025-05-28",
    "clicks": 15441,
    "impressions": 407906,
    "conversions": 1265,
    "spend": 7036.16,
    "revenue": 38223.16
  },
  {
    "id": 211,
    "campaign": "NewYearDeal",
    "channel": "Snapchat",
    "region": "Australia",
    "date": "2025-04-12",
    "clicks": 1561,
    "impressions": 708317,
    "conversions": 1063,
    "spend": 5454.71,
    "revenue": 35006.71
  },
  {
    "id": 212,
    "campaign": "NewYearDeal",
    "channel": "Pinterest",
    "region": "North America",
    "date": "2025-11-24",
    "clicks": 33460,
    "impressions": 375868,
    "conversions": 180,
    "spend": 6179.08,
    "revenue": 24269.62
  },
  {
    "id": 213,
    "campaign": "SummerSale",
    "channel": "LinkedIn",
    "region": "South America",
    "date": "2025-05-27",
    "clicks": 47082,
    "impressions": 137968,
    "conversions": 378,
    "spend": 859.41,
    "revenue": 14801.47
  },
  {
    "id": 214,
    "campaign": "NewYearDeal",
    "channel": "TikTok",
    "region": "South America",
    "date": "2025-03-11",
    "clicks": 15971,
    "impressions": 703979,
    "conversions": 535,
    "spend": 5980.92,
    "revenue": 21307.58
  },
  {
    "id": 215,
    "campaign": "BackToSchool",
    "channel": "Pinterest",
    "region": "Asia",
    "date": "2025-11-05",
    "clicks": 35064,
    "impressions": 433376,
    "conversions": 1470,
    "spend": 7564.08,
    "revenue": 33358.04
  },
  {
    "id": 216,
    "campaign": "CyberMonday",
    "channel": "Google",
    "region": "North America",
    "date": "2025-09-15",
    "clicks": 15365,
    "impressions": 959736,
    "conversions": 396,
    "spend": 6116.6,
    "revenue": 12218.12
  },
  {
    "id": 217,
    "campaign": "BlackFriday",
    "channel": "LinkedIn",
    "region": "South America",
    "date": "2025-12-05",
    "clicks": 22904,
    "impressions": 56506,
    "conversions": 1684,
    "spend": 9512.79,
    "revenue": 28254.3
  },
  {
    "id": 218,
    "campaign": "WinterPromo",
    "channel": "Snapchat",
    "region": "Australia",
    "date": "2025-11-02",
    "clicks": 16450,
    "impressions": 393821,
    "conversions": 670,
    "spend": 14864.51,
    "revenue": 10182.96
  },
  {
    "id": 219,
    "campaign": "BlackFriday",
    "channel": "Reddit",
    "region": "South America",
    "date": "2025-06-14",
    "clicks": 5837,
    "impressions": 293362,
    "conversions": 828,
    "spend": 13292.5,
    "revenue": 1450.22
  },
  {
    "id": 220,
    "campaign": "CyberMonday",
    "channel": "Reddit",
    "region": "South America",
    "date": "2025-10-07",
    "clicks": 7713,
    "impressions": 148920,
    "conversions": 484,
    "spend": 5800.88,
    "revenue": 16596.07
  },
  {
    "id": 221,
    "campaign": "BackToSchool",
    "channel": "Snapchat",
    "region": "Europe",
    "date": "2025-07-16",
    "clicks": 5179,
    "impressions": 735374,
    "conversions": 857,
    "spend": 7679.42,
    "revenue": 37112.63
  },
  {
    "id": 222,
    "campaign": "BlackFriday",
    "channel": "TikTok",
    "region": "North America",
    "date": "2025-10-17",
    "clicks": 34934,
    "impressions": 482862,
    "conversions": 1222,
    "spend": 14008.84,
    "revenue": 23332.03
  },
  {
    "id": 223,
    "campaign": "NewYearDeal",
    "channel": "Twitter",
    "region": "Australia",
    "date": "2025-01-03",
    "clicks": 45370,
    "impressions": 382341,
    "conversions": 1317,
    "spend": 3482.98,
    "revenue": 30716.57
  },
  {
    "id": 224,
    "campaign": "NewYearDeal",
    "channel": "YouTube",
    "region": "Europe",
    "date": "2025-03-05",
    "clicks": 5440,
    "impressions": 507383,
    "conversions": 561,
    "spend": 14910.57,
    "revenue": 24047.98
  },
  {
    "id": 225,
    "campaign": "WinterPromo",
    "channel": "LinkedIn",
    "region": "Europe",
    "date": "2025-02-10",
    "clicks": 4256,
    "impressions": 400198,
    "conversions": 1652,
    "spend": 9762.07,
    "revenue": 15320.24
  },
  {
    "id": 226,
    "campaign": "SummerSale",
    "channel": "Google",
    "region": "Asia",
    "date": "2025-09-15",
    "clicks": 18961,
    "impressions": 549663,
    "conversions": 1312,
    "spend": 9306.25,
    "revenue": 13472.49
  },
  {
    "id": 227,
    "campaign": "CyberMonday",
    "channel": "Facebook",
    "region": "South America",
    "date": "2025-08-24",
    "clicks": 1993,
    "impressions": 95917,
    "conversions": 1379,
    "spend": 12640.32,
    "revenue": 12830.75
  },
  {
    "id": 228,
    "campaign": "CyberMonday",
    "channel": "Reddit",
    "region": "Asia",
    "date": "2025-06-27",
    "clicks": 15542,
    "impressions": 401297,
    "conversions": 1008,
    "spend": 2691.18,
    "revenue": 30891.04
  },
  {
    "id": 229,
    "campaign": "WinterPromo",
    "channel": "Instagram",
    "region": "Asia",
    "date": "2025-10-09",
    "clicks": 4943,
    "impressions": 528751,
    "conversions": 620,
    "spend": 13291.93,
    "revenue": 14008.95
  },
  {
    "id": 230,
    "campaign": "CyberMonday",
    "channel": "Snapchat",
    "region": "Asia",
    "date": "2025-07-04",
    "clicks": 36806,
    "impressions": 502341,
    "conversions": 262,
    "spend": 12325.16,
    "revenue": 35710.01
  },
  {
    "id": 231,
    "campaign": "WinterPromo",
    "channel": "Instagram",
    "region": "Australia",
    "date": "2025-06-03",
    "clicks": 31170,
    "impressions": 775538,
    "conversions": 184,
    "spend": 4289.26,
    "revenue": 32509.05
  },
  {
    "id": 232,
    "campaign": "WinterPromo",
    "channel": "Twitter",
    "region": "North America",
    "date": "2025-07-02",
    "clicks": 7756,
    "impressions": 444841,
    "conversions": 377,
    "spend": 7335.14,
    "revenue": 30777.51
  },
  {
    "id": 233,
    "campaign": "NewYearDeal",
    "channel": "Reddit",
    "region": "North America",
    "date": "2025-03-15",
    "clicks": 38535,
    "impressions": 786409,
    "conversions": 426,
    "spend": 1355.74,
    "revenue": 36475.01
  },
  {
    "id": 234,
    "campaign": "WinterPromo",
    "channel": "Twitter",
    "region": "Australia",
    "date": "2025-12-19",
    "clicks": 20149,
    "impressions": 929629,
    "conversions": 669,
    "spend": 11686.16,
    "revenue": 42308.01
  },
  {
    "id": 235,
    "campaign": "SummerSale",
    "channel": "Twitter",
    "region": "North America",
    "date": "2025-08-14",
    "clicks": 22772,
    "impressions": 99372,
    "conversions": 1933,
    "spend": 14827.59,
    "revenue": 37149.94
  },
  {
    "id": 236,
    "campaign": "WinterPromo",
    "channel": "Instagram",
    "region": "Asia",
    "date": "2025-12-16",
    "clicks": 43640,
    "impressions": 635249,
    "conversions": 219,
    "spend": 4763.77,
    "revenue": 12387.75
  },
  {
    "id": 237,
    "campaign": "BackToSchool",
    "channel": "TikTok",
    "region": "North America",
    "date": "2025-09-27",
    "clicks": 2334,
    "impressions": 549265,
    "conversions": 1236,
    "spend": 6401.36,
    "revenue": 33177.04
  },
  {
    "id": 238,
    "campaign": "CyberMonday",
    "channel": "LinkedIn",
    "region": "South America",
    "date": "2025-06-18",
    "clicks": 2374,
    "impressions": 284732,
    "conversions": 383,
    "spend": 7065.13,
    "revenue": 11273.7
  },
  {
    "id": 239,
    "campaign": "WinterPromo",
    "channel": "Instagram",
    "region": "North America",
    "date": "2025-06-10",
    "clicks": 12701,
    "impressions": 826404,
    "conversions": 1931,
    "spend": 7779.58,
    "revenue": 48802.39
  },
  {
    "id": 240,
    "campaign": "CyberMonday",
    "channel": "Twitter",
    "region": "North America",
    "date": "2025-09-27",
    "clicks": 41707,
    "impressions": 939946,
    "conversions": 766,
    "spend": 3169.45,
    "revenue": 43042.99
  },
  {
    "id": 241,
    "campaign": "BackToSchool",
    "channel": "YouTube",
    "region": "North America",
    "date": "2025-11-15",
    "clicks": 14167,
    "impressions": 613472,
    "conversions": 1745,
    "spend": 2119.29,
    "revenue": 14379.66
  },
  {
    "id": 242,
    "campaign": "SummerSale",
    "channel": "Reddit",
    "region": "North America",
    "date": "2025-09-07",
    "clicks": 16672,
    "impressions": 957416,
    "conversions": 1982,
    "spend": 11722.49,
    "revenue": 633.51
  },
  {
    "id": 243,
    "campaign": "BackToSchool",
    "channel": "Snapchat",
    "region": "South America",
    "date": "2025-11-08",
    "clicks": 25946,
    "impressions": 666596,
    "conversions": 1901,
    "spend": 7428.39,
    "revenue": 16010.96
  },
  {
    "id": 244,
    "campaign": "BlackFriday",
    "channel": "Pinterest",
    "region": "South America",
    "date": "2025-08-28",
    "clicks": 3173,
    "impressions": 963709,
    "conversions": 1526,
    "spend": 8291.96,
    "revenue": 12616.91
  },
  {
    "id": 245,
    "campaign": "WinterPromo",
    "channel": "Snapchat",
    "region": "North America",
    "date": "2025-05-21",
    "clicks": 26417,
    "impressions": 299619,
    "conversions": 1535,
    "spend": 8186.08,
    "revenue": 43861.38
  },
  {
    "id": 246,
    "campaign": "WinterPromo",
    "channel": "Snapchat",
    "region": "South America",
    "date": "2025-02-02",
    "clicks": 19926,
    "impressions": 88839,
    "conversions": 803,
    "spend": 14274.69,
    "revenue": 26076.76
  },
  {
    "id": 247,
    "campaign": "BlackFriday",
    "channel": "LinkedIn",
    "region": "Australia",
    "date": "2025-08-07",
    "clicks": 4117,
    "impressions": 370832,
    "conversions": 1340,
    "spend": 5182.02,
    "revenue": 29909.27
  },
  {
    "id": 248,
    "campaign": "BackToSchool",
    "channel": "Google",
    "region": "South America",
    "date": "2025-03-12",
    "clicks": 41750,
    "impressions": 972361,
    "conversions": 1329,
    "spend": 10871.55,
    "revenue": 46470.85
  },
  {
    "id": 249,
    "campaign": "NewYearDeal",
    "channel": "LinkedIn",
    "region": "Europe",
    "date": "2025-06-13",
    "clicks": 27042,
    "impressions": 116452,
    "conversions": 1526,
    "spend": 4467.04,
    "revenue": 41877.73
  },
  {
    "id": 250,
    "campaign": "BackToSchool",
    "channel": "Reddit",
    "region": "Australia",
    "date": "2025-10-16",
    "clicks": 4397,
    "impressions": 304461,
    "conversions": 1634,
    "spend": 8696.72,
    "revenue": 46194.76
  },
  {
    "id": 251,
    "campaign": "CyberMonday",
    "channel": "Pinterest",
    "region": "South America",
    "date": "2025-10-08",
    "clicks": 40549,
    "impressions": 964644,
    "conversions": 424,
    "spend": 12902.31,
    "revenue": 11239.9
  },
  {
    "id": 252,
    "campaign": "CyberMonday",
    "channel": "Instagram",
    "region": "Asia",
    "date": "2025-06-25",
    "clicks": 19439,
    "impressions": 383897,
    "conversions": 60,
    "spend": 8367.57,
    "revenue": 22050.0
  },
  {
    "id": 253,
    "campaign": "SummerSale",
    "channel": "Google",
    "region": "North America",
    "date": "2025-04-15",
    "clicks": 20660,
    "impressions": 993850,
    "conversions": 890,
    "spend": 13444.63,
    "revenue": 15464.5
  },
  {
    "id": 254,
    "campaign": "SummerSale",
    "channel": "Reddit",
    "region": "South America",
    "date": "2025-02-13",
    "clicks": 32280,
    "impressions": 200201,
    "conversions": 1970,
    "spend": 7141.41,
    "revenue": 26517.3
  },
  {
    "id": 255,
    "campaign": "WinterPromo",
    "channel": "LinkedIn",
    "region": "Asia",
    "date": "2025-06-11",
    "clicks": 14181,
    "impressions": 110115,
    "conversions": 802,
    "spend": 8502.29,
    "revenue": 45802.69
  },
  {
    "id": 256,
    "campaign": "NewYearDeal",
    "channel": "YouTube",
    "region": "Europe",
    "date": "2025-07-22",
    "clicks": 32467,
    "impressions": 838507,
    "conversions": 1565,
    "spend": 6163.05,
    "revenue": 32389.49
  },
  {
    "id": 257,
    "campaign": "SummerSale",
    "channel": "Google",
    "region": "North America",
    "date": "2025-05-12",
    "clicks": 24022,
    "impressions": 800902,
    "conversions": 808,
    "spend": 5989.19,
    "revenue": 29851.67
  },
  {
    "id": 258,
    "campaign": "BackToSchool",
    "channel": "Twitter",
    "region": "South America",
    "date": "2025-07-20",
    "clicks": 2910,
    "impressions": 33519,
    "conversions": 682,
    "spend": 8155.3,
    "revenue": 2072.03
  },
  {
    "id": 259,
    "campaign": "BackToSchool",
    "channel": "Facebook",
    "region": "North America",
    "date": "2025-03-17",
    "clicks": 41453,
    "impressions": 443721,
    "conversions": 393,
    "spend": 13853.26,
    "revenue": 33315.1
  },
  {
    "id": 260,
    "campaign": "WinterPromo",
    "channel": "TikTok",
    "region": "Asia",
    "date": "2025-11-15",
    "clicks": 28722,
    "impressions": 958904,
    "conversions": 1105,
    "spend": 12453.26,
    "revenue": 25875.83
  },
  {
    "id": 261,
    "campaign": "BlackFriday",
    "channel": "Google",
    "region": "Asia",
    "date": "2025-09-23",
    "clicks": 48933,
    "impressions": 826620,
    "conversions": 219,
    "spend": 10927.49,
    "revenue": 48604.47
  },
  {
    "id": 262,
    "campaign": "CyberMonday",
    "channel": "Facebook",
    "region": "Asia",
    "date": "2025-12-28",
    "clicks": 5552,
    "impressions": 712267,
    "conversions": 1387,
    "spend": 12429.53,
    "revenue": 7082.52
  },
  {
    "id": 263,
    "campaign": "WinterPromo",
    "channel": "Google",
    "region": "South America",
    "date": "2025-06-09",
    "clicks": 20664,
    "impressions": 369622,
    "conversions": 905,
    "spend": 9578.19,
    "revenue": 32701.27
  },
  {
    "id": 264,
    "campaign": "NewYearDeal",
    "channel": "Snapchat",
    "region": "Australia",
    "date": "2025-08-28",
    "clicks": 29066,
    "impressions": 6569,
    "conversions": 312,
    "spend": 12434.83,
    "revenue": 45228.99
  },
  {
    "id": 265,
    "campaign": "SummerSale",
    "channel": "Pinterest",
    "region": "Australia",
    "date": "2025-11-22",
    "clicks": 30423,
    "impressions": 867184,
    "conversions": 1952,
    "spend": 7985.75,
    "revenue": 4294.44
  },
  {
    "id": 266,
    "campaign": "BlackFriday",
    "channel": "Twitter",
    "region": "Asia",
    "date": "2025-05-12",
    "clicks": 46188,
    "impressions": 988656,
    "conversions": 730,
    "spend": 608.97,
    "revenue": 8314.28
  },
  {
    "id": 267,
    "campaign": "SummerSale",
    "channel": "Instagram",
    "region": "Europe",
    "date": "2025-06-08",
    "clicks": 24609,
    "impressions": 461356,
    "conversions": 559,
    "spend": 2325.02,
    "revenue": 29220.0
  },
  {
    "id": 268,
    "campaign": "BlackFriday",
    "channel": "Instagram",
    "region": "South America",
    "date": "2025-02-12",
    "clicks": 33386,
    "impressions": 803765,
    "conversions": 989,
    "spend": 12820.62,
    "revenue": 32232.43
  },
  {
    "id": 269,
    "campaign": "NewYearDeal",
    "channel": "TikTok",
    "region": "Asia",
    "date": "2025-01-18",
    "clicks": 45296,
    "impressions": 946485,
    "conversions": 1108,
    "spend": 1434.45,
    "revenue": 3061.66
  },
  {
    "id": 270,
    "campaign": "WinterPromo",
    "channel": "LinkedIn",
    "region": "Australia",
    "date": "2025-05-17",
    "clicks": 34176,
    "impressions": 57623,
    "conversions": 56,
    "spend": 7393.54,
    "revenue": 33820.03
  },
  {
    "id": 271,
    "campaign": "BackToSchool",
    "channel": "Snapchat",
    "region": "Europe",
    "date": "2025-09-02",
    "clicks": 48217,
    "impressions": 929033,
    "conversions": 1492,
    "spend": 14503.37,
    "revenue": 19802.96
  },
  {
    "id": 272,
    "campaign": "BackToSchool",
    "channel": "Instagram",
    "region": "South America",
    "date": "2025-10-17",
    "clicks": 26417,
    "impressions": 225380,
    "conversions": 236,
    "spend": 1307.62,
    "revenue": 708.78
  },
  {
    "id": 273,
    "campaign": "BackToSchool",
    "channel": "Facebook",
    "region": "Asia",
    "date": "2025-05-02",
    "clicks": 41576,
    "impressions": 878242,
    "conversions": 690,
    "spend": 6760.92,
    "revenue": 47830.08
  },
  {
    "id": 274,
    "campaign": "SummerSale",
    "channel": "Google",
    "region": "South America",
    "date": "2025-12-16",
    "clicks": 5558,
    "impressions": 703983,
    "conversions": 104,
    "spend": 11819.58,
    "revenue": 27185.17
  },
  {
    "id": 275,
    "campaign": "WinterPromo",
    "channel": "Reddit",
    "region": "North America",
    "date": "2025-07-28",
    "clicks": 2157,
    "impressions": 567189,
    "conversions": 159,
    "spend": 2351.2,
    "revenue": 26873.06
  },
  {
    "id": 276,
    "campaign": "BlackFriday",
    "channel": "YouTube",
    "region": "North America",
    "date": "2025-05-03",
    "clicks": 16056,
    "impressions": 279089,
    "conversions": 1756,
    "spend": 1975.03,
    "revenue": 23082.5
  },
  {
    "id": 277,
    "campaign": "BackToSchool",
    "channel": "Reddit",
    "region": "Europe",
    "date": "2025-05-06",
    "clicks": 4210,
    "impressions": 939808,
    "conversions": 641,
    "spend": 6482.94,
    "revenue": 44516.36
  },
  {
    "id": 278,
    "campaign": "NewYearDeal",
    "channel": "LinkedIn",
    "region": "Australia",
    "date": "2025-12-23",
    "clicks": 19016,
    "impressions": 149808,
    "conversions": 198,
    "spend": 1490.09,
    "revenue": 49196.88
  },
  {
    "id": 279,
    "campaign": "BackToSchool",
    "channel": "LinkedIn",
    "region": "Australia",
    "date": "2025-10-05",
    "clicks": 13770,
    "impressions": 896386,
    "conversions": 874,
    "spend": 13248.3,
    "revenue": 18160.69
  },
  {
    "id": 280,
    "campaign": "CyberMonday",
    "channel": "LinkedIn",
    "region": "Asia",
    "date": "2025-03-13",
    "clicks": 7858,
    "impressions": 147267,
    "conversions": 166,
    "spend": 11486.32,
    "revenue": 46137.07
  },
  {
    "id": 281,
    "campaign": "CyberMonday",
    "channel": "YouTube",
    "region": "North America",
    "date": "2025-06-14",
    "clicks": 31056,
    "impressions": 170106,
    "conversions": 177,
    "spend": 416.57,
    "revenue": 9171.23
  },
  {
    "id": 282,
    "campaign": "BlackFriday",
    "channel": "YouTube",
    "region": "Europe",
    "date": "2025-05-10",
    "clicks": 25625,
    "impressions": 865909,
    "conversions": 1410,
    "spend": 3400.67,
    "revenue": 522.59
  },
  {
    "id": 283,
    "campaign": "WinterPromo",
    "channel": "Instagram",
    "region": "North America",
    "date": "2025-05-01",
    "clicks": 37756,
    "impressions": 501637,
    "conversions": 894,
    "spend": 1705.75,
    "revenue": 21141.62
  },
  {
    "id": 284,
    "campaign": "BackToSchool",
    "channel": "Twitter",
    "region": "Australia",
    "date": "2025-09-16",
    "clicks": 32355,
    "impressions": 10668,
    "conversions": 1715,
    "spend": 8724.43,
    "revenue": 3035.33
  },
  {
    "id": 285,
    "campaign": "BlackFriday",
    "channel": "Reddit",
    "region": "Asia",
    "date": "2025-11-02",
    "clicks": 24614,
    "impressions": 776911,
    "conversions": 1623,
    "spend": 13517.13,
    "revenue": 13797.18
  },
  {
    "id": 286,
    "campaign": "BackToSchool",
    "channel": "Pinterest",
    "region": "Asia",
    "date": "2025-04-23",
    "clicks": 8342,
    "impressions": 106415,
    "conversions": 1812,
    "spend": 10754.11,
    "revenue": 49287.96
  },
  {
    "id": 287,
    "campaign": "CyberMonday",
    "channel": "Reddit",
    "region": "Asia",
    "date": "2025-12-23",
    "clicks": 47119,
    "impressions": 436452,
    "conversions": 71,
    "spend": 4511.69,
    "revenue": 18171.54
  },
  {
    "id": 288,
    "campaign": "SummerSale",
    "channel": "Snapchat",
    "region": "North America",
    "date": "2025-01-28",
    "clicks": 18382,
    "impressions": 313389,
    "conversions": 430,
    "spend": 5123.68,
    "revenue": 31508.39
  },
  {
    "id": 289,
    "campaign": "NewYearDeal",
    "channel": "Facebook",
    "region": "Asia",
    "date": "2025-04-20",
    "clicks": 40176,
    "impressions": 87783,
    "conversions": 1189,
    "spend": 465.31,
    "revenue": 49232.48
  },
  {
    "id": 290,
    "campaign": "SummerSale",
    "channel": "YouTube",
    "region": "Australia",
    "date": "2025-12-16",
    "clicks": 18587,
    "impressions": 141180,
    "conversions": 61,
    "spend": 3686.08,
    "revenue": 25381.5
  },
  {
    "id": 291,
    "campaign": "BackToSchool",
    "channel": "Twitter",
    "region": "Asia",
    "date": "2025-06-17",
    "clicks": 15044,
    "impressions": 378364,
    "conversions": 872,
    "spend": 8396.28,
    "revenue": 5379.43
  },
  {
    "id": 292,
    "campaign": "NewYearDeal",
    "channel": "Google",
    "region": "North America",
    "date": "2025-07-02",
    "clicks": 7958,
    "impressions": 250701,
    "conversions": 950,
    "spend": 9029.52,
    "revenue": 44731.46
  },
  {
    "id": 293,
    "campaign": "CyberMonday",
    "channel": "Google",
    "region": "North America",
    "date": "2025-08-12",
    "clicks": 49601,
    "impressions": 719912,
    "conversions": 1600,
    "spend": 3935.59,
    "revenue": 20433.85
  },
  {
    "id": 294,
    "campaign": "BlackFriday",
    "channel": "LinkedIn",
    "region": "Asia",
    "date": "2025-09-14",
    "clicks": 12747,
    "impressions": 560858,
    "conversions": 215,
    "spend": 3097.6,
    "revenue": 22606.25
  },
  {
    "id": 295,
    "campaign": "BackToSchool",
    "channel": "Facebook",
    "region": "South America",
    "date": "2025-05-18",
    "clicks": 28612,
    "impressions": 977947,
    "conversions": 1631,
    "spend": 2708.29,
    "revenue": 45469.35
  },
  {
    "id": 296,
    "campaign": "NewYearDeal",
    "channel": "Pinterest",
    "region": "Europe",
    "date": "2025-04-25",
    "clicks": 9130,
    "impressions": 845192,
    "conversions": 1622,
    "spend": 14281.82,
    "revenue": 31956.33
  },
  {
    "id": 297,
    "campaign": "BackToSchool",
    "channel": "TikTok",
    "region": "North America",
    "date": "2025-02-05",
    "clicks": 24219,
    "impressions": 726026,
    "conversions": 162,
    "spend": 10451.6,
    "revenue": 9117.7
  },
  {
    "id": 298,
    "campaign": "CyberMonday",
    "channel": "TikTok",
    "region": "Asia",
    "date": "2025-03-16",
    "clicks": 9264,
    "impressions": 181720,
    "conversions": 1744,
    "spend": 12680.1,
    "revenue": 5161.76
  },
  {
    "id": 299,
    "campaign": "CyberMonday",
    "channel": "TikTok",
    "region": "South America",
    "date": "2025-04-09",
    "clicks": 31971,
    "impressions": 329428,
    "conversions": 1599,
    "spend": 4507.75,
    "revenue": 16715.74
  },
  {
    "id": 300,
    "campaign": "BackToSchool",
    "channel": "Snapchat",
    "region": "South America",
    "date": "2025-10-09",
    "clicks": 3294,
    "impressions": 97906,
    "conversions": 859,
    "spend": 5618.84,
    "revenue": 7670.58
  },
  {
    "id": 301,
    "campaign": "WinterPromo",
    "channel": "LinkedIn",
    "region": "North America",
    "date": "2025-02-05",
    "clicks": 42954,
    "impressions": 768113,
    "conversions": 541,
    "spend": 2381.05,
    "revenue": 25878.89
  },
  {
    "id": 302,
    "campaign": "BlackFriday",
    "channel": "Facebook",
    "region": "North America",
    "date": "2025-01-01",
    "clicks": 25825,
    "impressions": 777352,
    "conversions": 846,
    "spend": 1518.21,
    "revenue": 4777.37
  },
  {
    "id": 303,
    "campaign": "CyberMonday",
    "channel": "Instagram",
    "region": "Asia",
    "date": "2025-06-20",
    "clicks": 26866,
    "impressions": 285365,
    "conversions": 1494,
    "spend": 14026.04,
    "revenue": 7276.25
  },
  {
    "id": 304,
    "campaign": "BlackFriday",
    "channel": "Snapchat",
    "region": "South America",
    "date": "2025-08-07",
    "clicks": 15084,
    "impressions": 998948,
    "conversions": 1242,
    "spend": 5675.17,
    "revenue": 17924.22
  },
  {
    "id": 305,
    "campaign": "WinterPromo",
    "channel": "TikTok",
    "region": "Asia",
    "date": "2025-05-12",
    "clicks": 40912,
    "impressions": 191311,
    "conversions": 990,
    "spend": 1967.79,
    "revenue": 5990.12
  },
  {
    "id": 306,
    "campaign": "BackToSchool",
    "channel": "Twitter",
    "region": "Australia",
    "date": "2025-01-14",
    "clicks": 17488,
    "impressions": 906183,
    "conversions": 1642,
    "spend": 14578.41,
    "revenue": 11185.12
  },
  {
    "id": 307,
    "campaign": "NewYearDeal",
    "channel": "Facebook",
    "region": "Asia",
    "date": "2025-07-23",
    "clicks": 21735,
    "impressions": 576227,
    "conversions": 1574,
    "spend": 9485.29,
    "revenue": 9129.21
  },
  {
    "id": 308,
    "campaign": "WinterPromo",
    "channel": "Pinterest",
    "region": "Europe",
    "date": "2025-12-16",
    "clicks": 37601,
    "impressions": 664644,
    "conversions": 151,
    "spend": 5572.34,
    "revenue": 43933.04
  },
  {
    "id": 309,
    "campaign": "NewYearDeal",
    "channel": "Instagram",
    "region": "Europe",
    "date": "2025-08-03",
    "clicks": 16752,
    "impressions": 575851,
    "conversions": 1572,
    "spend": 360.77,
    "revenue": 49617.54
  },
  {
    "id": 310,
    "campaign": "BackToSchool",
    "channel": "YouTube",
    "region": "South America",
    "date": "2025-10-11",
    "clicks": 5341,
    "impressions": 662702,
    "conversions": 1624,
    "spend": 13415.55,
    "revenue": 11343.55
  },
  {
    "id": 311,
    "campaign": "NewYearDeal",
    "channel": "YouTube",
    "region": "Europe",
    "date": "2025-07-03",
    "clicks": 10587,
    "impressions": 297234,
    "conversions": 1047,
    "spend": 12268.4,
    "revenue": 28566.98
  },
  {
    "id": 312,
    "campaign": "BlackFriday",
    "channel": "TikTok",
    "region": "North America",
    "date": "2025-07-25",
    "clicks": 23824,
    "impressions": 328405,
    "conversions": 561,
    "spend": 13832.11,
    "revenue": 24118.93
  },
  {
    "id": 313,
    "campaign": "BackToSchool",
    "channel": "Twitter",
    "region": "South America",
    "date": "2025-10-08",
    "clicks": 38570,
    "impressions": 764153,
    "conversions": 1030,
    "spend": 143.86,
    "revenue": 31527.91
  },
  {
    "id": 314,
    "campaign": "CyberMonday",
    "channel": "Instagram",
    "region": "North America",
    "date": "2025-11-14",
    "clicks": 12682,
    "impressions": 163027,
    "conversions": 797,
    "spend": 11360.64,
    "revenue": 15742.06
  },
  {
    "id": 315,
    "campaign": "CyberMonday",
    "channel": "LinkedIn",
    "region": "Europe",
    "date": "2025-04-14",
    "clicks": 44536,
    "impressions": 872323,
    "conversions": 1545,
    "spend": 3980.57,
    "revenue": 23015.87
  },
  {
    "id": 316,
    "campaign": "CyberMonday",
    "channel": "Pinterest",
    "region": "Asia",
    "date": "2025-02-13",
    "clicks": 41492,
    "impressions": 157275,
    "conversions": 1428,
    "spend": 5048.25,
    "revenue": 3520.05
  },
  {
    "id": 317,
    "campaign": "SummerSale",
    "channel": "Snapchat",
    "region": "Asia",
    "date": "2025-04-02",
    "clicks": 7061,
    "impressions": 619117,
    "conversions": 722,
    "spend": 6448.76,
    "revenue": 37196.32
  },
  {
    "id": 318,
    "campaign": "NewYearDeal",
    "channel": "Instagram",
    "region": "Asia",
    "date": "2025-01-11",
    "clicks": 5265,
    "impressions": 626429,
    "conversions": 259,
    "spend": 8753.57,
    "revenue": 18934.34
  },
  {
    "id": 319,
    "campaign": "BlackFriday",
    "channel": "YouTube",
    "region": "Europe",
    "date": "2025-08-20",
    "clicks": 49740,
    "impressions": 507449,
    "conversions": 1141,
    "spend": 9167.83,
    "revenue": 30127.57
  },
  {
    "id": 320,
    "campaign": "CyberMonday",
    "channel": "Twitter",
    "region": "Australia",
    "date": "2025-08-21",
    "clicks": 39382,
    "impressions": 620642,
    "conversions": 1621,
    "spend": 2552.65,
    "revenue": 22214.26
  },
  {
    "id": 321,
    "campaign": "WinterPromo",
    "channel": "Twitter",
    "region": "Australia",
    "date": "2025-10-02",
    "clicks": 13813,
    "impressions": 222106,
    "conversions": 1354,
    "spend": 13506.17,
    "revenue": 25119.92
  },
  {
    "id": 322,
    "campaign": "BackToSchool",
    "channel": "LinkedIn",
    "region": "Europe",
    "date": "2025-03-01",
    "clicks": 10274,
    "impressions": 522204,
    "conversions": 224,
    "spend": 6882.89,
    "revenue": 18881.98
  },
  {
    "id": 323,
    "campaign": "BlackFriday",
    "channel": "Reddit",
    "region": "Europe",
    "date": "2025-02-01",
    "clicks": 36015,
    "impressions": 352276,
    "conversions": 1590,
    "spend": 2527.45,
    "revenue": 39766.21
  },
  {
    "id": 324,
    "campaign": "WinterPromo",
    "channel": "Reddit",
    "region": "Asia",
    "date": "2025-11-15",
    "clicks": 7753,
    "impressions": 408191,
    "conversions": 349,
    "spend": 13829.46,
    "revenue": 14635.72
  },
  {
    "id": 325,
    "campaign": "CyberMonday",
    "channel": "Instagram",
    "region": "South America",
    "date": "2025-10-21",
    "clicks": 17240,
    "impressions": 862317,
    "conversions": 586,
    "spend": 6790.52,
    "revenue": 1444.86
  },
  {
    "id": 326,
    "campaign": "WinterPromo",
    "channel": "YouTube",
    "region": "North America",
    "date": "2025-05-02",
    "clicks": 4816,
    "impressions": 105840,
    "conversions": 455,
    "spend": 1664.77,
    "revenue": 33971.81
  },
  {
    "id": 327,
    "campaign": "SummerSale",
    "channel": "Google",
    "region": "Europe",
    "date": "2025-05-19",
    "clicks": 267,
    "impressions": 224822,
    "conversions": 1496,
    "spend": 5085.61,
    "revenue": 17717.39
  },
  {
    "id": 328,
    "campaign": "SummerSale",
    "channel": "Facebook",
    "region": "Asia",
    "date": "2025-12-10",
    "clicks": 27307,
    "impressions": 189748,
    "conversions": 814,
    "spend": 6397.66,
    "revenue": 30882.09
  },
  {
    "id": 329,
    "campaign": "WinterPromo",
    "channel": "TikTok",
    "region": "Australia",
    "date": "2025-12-22",
    "clicks": 33486,
    "impressions": 96938,
    "conversions": 49,
    "spend": 9516.54,
    "revenue": 7350.31
  },
  {
    "id": 330,
    "campaign": "NewYearDeal",
    "channel": "Pinterest",
    "region": "North America",
    "date": "2025-12-21",
    "clicks": 32589,
    "impressions": 195170,
    "conversions": 1573,
    "spend": 11107.21,
    "revenue": 44802.28
  },
  {
    "id": 331,
    "campaign": "SummerSale",
    "channel": "YouTube",
    "region": "South America",
    "date": "2025-11-18",
    "clicks": 12688,
    "impressions": 506440,
    "conversions": 589,
    "spend": 821.61,
    "revenue": 27236.26
  },
  {
    "id": 332,
    "campaign": "WinterPromo",
    "channel": "LinkedIn",
    "region": "North America",
    "date": "2025-10-19",
    "clicks": 43600,
    "impressions": 234208,
    "conversions": 1398,
    "spend": 11654.15,
    "revenue": 16120.96
  },
  {
    "id": 333,
    "campaign": "BlackFriday",
    "channel": "Facebook",
    "region": "North America",
    "date": "2025-08-01",
    "clicks": 36595,
    "impressions": 521553,
    "conversions": 506,
    "spend": 4446.59,
    "revenue": 29086.85
  },
  {
    "id": 334,
    "campaign": "BackToSchool",
    "channel": "Reddit",
    "region": "Australia",
    "date": "2025-02-28",
    "clicks": 11844,
    "impressions": 931487,
    "conversions": 145,
    "spend": 5301.48,
    "revenue": 48208.28
  },
  {
    "id": 335,
    "campaign": "CyberMonday",
    "channel": "Snapchat",
    "region": "Europe",
    "date": "2025-11-26",
    "clicks": 20266,
    "impressions": 783228,
    "conversions": 1460,
    "spend": 7352.77,
    "revenue": 21451.1
  },
  {
    "id": 336,
    "campaign": "WinterPromo",
    "channel": "Twitter",
    "region": "North America",
    "date": "2025-02-26",
    "clicks": 19093,
    "impressions": 127705,
    "conversions": 698,
    "spend": 1542.61,
    "revenue": 40905.58
  },
  {
    "id": 337,
    "campaign": "NewYearDeal",
    "channel": "Snapchat",
    "region": "Europe",
    "date": "2025-02-06",
    "clicks": 33157,
    "impressions": 574453,
    "conversions": 925,
    "spend": 3789.61,
    "revenue": 47317.67
  },
  {
    "id": 338,
    "campaign": "CyberMonday",
    "channel": "YouTube",
    "region": "Australia",
    "date": "2025-10-24",
    "clicks": 44756,
    "impressions": 796384,
    "conversions": 298,
    "spend": 7486.12,
    "revenue": 29346.0
  },
  {
    "id": 339,
    "campaign": "WinterPromo",
    "channel": "Google",
    "region": "South America",
    "date": "2025-03-19",
    "clicks": 15172,
    "impressions": 595211,
    "conversions": 121,
    "spend": 5567.99,
    "revenue": 44616.07
  },
  {
    "id": 340,
    "campaign": "BackToSchool",
    "channel": "Instagram",
    "region": "Australia",
    "date": "2025-06-09",
    "clicks": 33043,
    "impressions": 684547,
    "conversions": 1774,
    "spend": 4413.11,
    "revenue": 25801.72
  },
  {
    "id": 341,
    "campaign": "BlackFriday",
    "channel": "Instagram",
    "region": "Europe",
    "date": "2025-06-11",
    "clicks": 47654,
    "impressions": 551660,
    "conversions": 690,
    "spend": 10470.43,
    "revenue": 41110.34
  },
  {
    "id": 342,
    "campaign": "SummerSale",
    "channel": "TikTok",
    "region": "North America",
    "date": "2025-01-19",
    "clicks": 46202,
    "impressions": 825020,
    "conversions": 149,
    "spend": 11223.09,
    "revenue": 35217.98
  },
  {
    "id": 343,
    "campaign": "BlackFriday",
    "channel": "Pinterest",
    "region": "Europe",
    "date": "2025-02-17",
    "clicks": 7896,
    "impressions": 616152,
    "conversions": 1551,
    "spend": 1356.7,
    "revenue": 30471.04
  },
  {
    "id": 344,
    "campaign": "WinterPromo",
    "channel": "Facebook",
    "region": "Australia",
    "date": "2025-08-19",
    "clicks": 827,
    "impressions": 452774,
    "conversions": 1921,
    "spend": 12011.64,
    "revenue": 12871.85
  },
  {
    "id": 345,
    "campaign": "CyberMonday",
    "channel": "TikTok",
    "region": "South America",
    "date": "2025-05-15",
    "clicks": 4584,
    "impressions": 900931,
    "conversions": 1068,
    "spend": 308.4,
    "revenue": 49368.27
  },
  {
    "id": 346,
    "campaign": "NewYearDeal",
    "channel": "Reddit",
    "region": "North America",
    "date": "2025-06-07",
    "clicks": 45213,
    "impressions": 943748,
    "conversions": 1992,
    "spend": 731.99,
    "revenue": 18134.47
  },
  {
    "id": 347,
    "campaign": "SummerSale",
    "channel": "Twitter",
    "region": "North America",
    "date": "2025-05-09",
    "clicks": 47917,
    "impressions": 859480,
    "conversions": 1590,
    "spend": 5425.52,
    "revenue": 18568.04
  },
  {
    "id": 348,
    "campaign": "NewYearDeal",
    "channel": "Pinterest",
    "region": "Asia",
    "date": "2025-11-22",
    "clicks": 2791,
    "impressions": 255661,
    "conversions": 1481,
    "spend": 9760.49,
    "revenue": 8665.67
  },
  {
    "id": 349,
    "campaign": "BlackFriday",
    "channel": "Pinterest",
    "region": "Asia",
    "date": "2025-04-11",
    "clicks": 8461,
    "impressions": 706782,
    "conversions": 1980,
    "spend": 4755.05,
    "revenue": 46668.98
  },
  {
    "id": 350,
    "campaign": "SummerSale",
    "channel": "LinkedIn",
    "region": "Europe",
    "date": "2025-05-02",
    "clicks": 30523,
    "impressions": 426906,
    "conversions": 160,
    "spend": 9919.46,
    "revenue": 34179.89
  },
  {
    "id": 351,
    "campaign": "BackToSchool",
    "channel": "Instagram",
    "region": "Asia",
    "date": "2025-09-09",
    "clicks": 39590,
    "impressions": 360074,
    "conversions": 1538,
    "spend": 14029.27,
    "revenue": 37241.1
  },
  {
    "id": 352,
    "campaign": "CyberMonday",
    "channel": "LinkedIn",
    "region": "Asia",
    "date": "2025-12-13",
    "clicks": 8686,
    "impressions": 92643,
    "conversions": 154,
    "spend": 5946.58,
    "revenue": 17756.01
  },
  {
    "id": 353,
    "campaign": "CyberMonday",
    "channel": "YouTube",
    "region": "Australia",
    "date": "2025-03-28",
    "clicks": 49518,
    "impressions": 353342,
    "conversions": 1985,
    "spend": 8462.32,
    "revenue": 42147.29
  },
  {
    "id": 354,
    "campaign": "BackToSchool",
    "channel": "Snapchat",
    "region": "Australia",
    "date": "2025-11-08",
    "clicks": 30279,
    "impressions": 637310,
    "conversions": 1049,
    "spend": 9978.52,
    "revenue": 11847.44
  },
  {
    "id": 355,
    "campaign": "BackToSchool",
    "channel": "LinkedIn",
    "region": "North America",
    "date": "2025-09-21",
    "clicks": 12646,
    "impressions": 7693,
    "conversions": 456,
    "spend": 14406.81,
    "revenue": 23312.2
  },
  {
    "id": 356,
    "campaign": "CyberMonday",
    "channel": "Facebook",
    "region": "Australia",
    "date": "2025-06-09",
    "clicks": 5393,
    "impressions": 916786,
    "conversions": 1488,
    "spend": 5418.94,
    "revenue": 33021.98
  },
  {
    "id": 357,
    "campaign": "SummerSale",
    "channel": "YouTube",
    "region": "Europe",
    "date": "2025-04-07",
    "clicks": 30475,
    "impressions": 128170,
    "conversions": 1155,
    "spend": 4166.97,
    "revenue": 33319.8
  },
  {
    "id": 358,
    "campaign": "BackToSchool",
    "channel": "Google",
    "region": "Europe",
    "date": "2025-06-11",
    "clicks": 29013,
    "impressions": 235826,
    "conversions": 1566,
    "spend": 6939.56,
    "revenue": 22115.89
  },
  {
    "id": 359,
    "campaign": "BackToSchool",
    "channel": "YouTube",
    "region": "North America",
    "date": "2025-06-02",
    "clicks": 16499,
    "impressions": 980163,
    "conversions": 1512,
    "spend": 2285.16,
    "revenue": 12572.59
  },
  {
    "id": 360,
    "campaign": "CyberMonday",
    "channel": "LinkedIn",
    "region": "Asia",
    "date": "2025-12-28",
    "clicks": 3847,
    "impressions": 123207,
    "conversions": 1968,
    "spend": 1390.81,
    "revenue": 12996.48
  },
  {
    "id": 361,
    "campaign": "SummerSale",
    "channel": "Twitter",
    "region": "Europe",
    "date": "2025-03-01",
    "clicks": 1260,
    "impressions": 547757,
    "conversions": 699,
    "spend": 4366.18,
    "revenue": 16410.92
  },
  {
    "id": 362,
    "campaign": "BlackFriday",
    "channel": "Facebook",
    "region": "Europe",
    "date": "2025-05-23",
    "clicks": 3669,
    "impressions": 482687,
    "conversions": 1546,
    "spend": 8502.1,
    "revenue": 6678.02
  },
  {
    "id": 363,
    "campaign": "NewYearDeal",
    "channel": "Snapchat",
    "region": "South America",
    "date": "2025-12-11",
    "clicks": 43843,
    "impressions": 20907,
    "conversions": 282,
    "spend": 9714.13,
    "revenue": 16072.25
  },
  {
    "id": 364,
    "campaign": "BackToSchool",
    "channel": "TikTok",
    "region": "Europe",
    "date": "2025-11-18",
    "clicks": 5013,
    "impressions": 464562,
    "conversions": 612,
    "spend": 5992.99,
    "revenue": 12734.9
  },
  {
    "id": 365,
    "campaign": "BlackFriday",
    "channel": "Reddit",
    "region": "North America",
    "date": "2025-10-05",
    "clicks": 45291,
    "impressions": 313633,
    "conversions": 573,
    "spend": 10662.23,
    "revenue": 1661.41
  },
  {
    "id": 366,
    "campaign": "BlackFriday",
    "channel": "Pinterest",
    "region": "Australia",
    "date": "2025-05-10",
    "clicks": 22370,
    "impressions": 917102,
    "conversions": 853,
    "spend": 4363.15,
    "revenue": 39560.7
  },
  {
    "id": 367,
    "campaign": "WinterPromo",
    "channel": "Pinterest",
    "region": "Europe",
    "date": "2025-03-09",
    "clicks": 30576,
    "impressions": 253639,
    "conversions": 724,
    "spend": 11503.68,
    "revenue": 19350.15
  },
  {
    "id": 368,
    "campaign": "BlackFriday",
    "channel": "LinkedIn",
    "region": "North America",
    "date": "2025-01-18",
    "clicks": 3625,
    "impressions": 230909,
    "conversions": 611,
    "spend": 14777.43,
    "revenue": 34348.92
  },
  {
    "id": 369,
    "campaign": "CyberMonday",
    "channel": "Instagram",
    "region": "Europe",
    "date": "2025-05-24",
    "clicks": 13452,
    "impressions": 449055,
    "conversions": 1921,
    "spend": 12958.57,
    "revenue": 39443.81
  },
  {
    "id": 370,
    "campaign": "WinterPromo",
    "channel": "Facebook",
    "region": "Australia",
    "date": "2025-09-09",
    "clicks": 22768,
    "impressions": 167396,
    "conversions": 837,
    "spend": 5427.55,
    "revenue": 14201.3
  },
  {
    "id": 371,
    "campaign": "BackToSchool",
    "channel": "Google",
    "region": "South America",
    "date": "2025-08-06",
    "clicks": 36201,
    "impressions": 164937,
    "conversions": 439,
    "spend": 14056.73,
    "revenue": 36810.88
  },
  {
    "id": 372,
    "campaign": "NewYearDeal",
    "channel": "LinkedIn",
    "region": "Europe",
    "date": "2025-05-24",
    "clicks": 15007,
    "impressions": 122754,
    "conversions": 461,
    "spend": 12006.1,
    "revenue": 40989.3
  },
  {
    "id": 373,
    "campaign": "CyberMonday",
    "channel": "YouTube",
    "region": "Australia",
    "date": "2025-03-17",
    "clicks": 28298,
    "impressions": 472223,
    "conversions": 1037,
    "spend": 4958.97,
    "revenue": 6775.99
  },
  {
    "id": 374,
    "campaign": "SummerSale",
    "channel": "Twitter",
    "region": "Asia",
    "date": "2025-07-06",
    "clicks": 6339,
    "impressions": 758234,
    "conversions": 1040,
    "spend": 11564.33,
    "revenue": 47643.73
  },
  {
    "id": 375,
    "campaign": "BackToSchool",
    "channel": "Pinterest",
    "region": "Asia",
    "date": "2025-05-07",
    "clicks": 6671,
    "impressions": 744282,
    "conversions": 1850,
    "spend": 11379.98,
    "revenue": 44385.5
  },
  {
    "id": 376,
    "campaign": "CyberMonday",
    "channel": "Instagram",
    "region": "Australia",
    "date": "2025-08-04",
    "clicks": 3655,
    "impressions": 248296,
    "conversions": 1660,
    "spend": 8642.92,
    "revenue": 3980.31
  },
  {
    "id": 377,
    "campaign": "NewYearDeal",
    "channel": "Facebook",
    "region": "Australia",
    "date": "2025-12-19",
    "clicks": 13432,
    "impressions": 660281,
    "conversions": 1440,
    "spend": 9193.01,
    "revenue": 44077.27
  },
  {
    "id": 378,
    "campaign": "SummerSale",
    "channel": "Facebook",
    "region": "South America",
    "date": "2025-07-25",
    "clicks": 45149,
    "impressions": 941558,
    "conversions": 1423,
    "spend": 7750.23,
    "revenue": 23751.4
  },
  {
    "id": 379,
    "campaign": "CyberMonday",
    "channel": "LinkedIn",
    "region": "South America",
    "date": "2025-05-16",
    "clicks": 35879,
    "impressions": 874765,
    "conversions": 1905,
    "spend": 3913.37,
    "revenue": 28782.49
  },
  {
    "id": 380,
    "campaign": "BlackFriday",
    "channel": "Reddit",
    "region": "Australia",
    "date": "2025-07-08",
    "clicks": 44306,
    "impressions": 14310,
    "conversions": 690,
    "spend": 11679.95,
    "revenue": 29021.22
  },
  {
    "id": 381,
    "campaign": "SummerSale",
    "channel": "Facebook",
    "region": "Australia",
    "date": "2025-07-11",
    "clicks": 32885,
    "impressions": 567233,
    "conversions": 947,
    "spend": 3025.69,
    "revenue": 18365.31
  },
  {
    "id": 382,
    "campaign": "WinterPromo",
    "channel": "Pinterest",
    "region": "North America",
    "date": "2025-03-01",
    "clicks": 24702,
    "impressions": 538574,
    "conversions": 1443,
    "spend": 12122.48,
    "revenue": 42085.85
  },
  {
    "id": 383,
    "campaign": "SummerSale",
    "channel": "TikTok",
    "region": "Europe",
    "date": "2025-01-22",
    "clicks": 25372,
    "impressions": 91679,
    "conversions": 1965,
    "spend": 6400.91,
    "revenue": 12741.59
  },
  {
    "id": 384,
    "campaign": "NewYearDeal",
    "channel": "Facebook",
    "region": "Asia",
    "date": "2025-06-17",
    "clicks": 5354,
    "impressions": 472254,
    "conversions": 1806,
    "spend": 10071.06,
    "revenue": 38382.75
  },
  {
    "id": 385,
    "campaign": "CyberMonday",
    "channel": "Twitter",
    "region": "Australia",
    "date": "2025-10-12",
    "clicks": 27153,
    "impressions": 506340,
    "conversions": 1258,
    "spend": 7317.28,
    "revenue": 38342.6
  },
  {
    "id": 386,
    "campaign": "SummerSale",
    "channel": "YouTube",
    "region": "Asia",
    "date": "2025-12-02",
    "clicks": 33804,
    "impressions": 376545,
    "conversions": 1569,
    "spend": 2369.9,
    "revenue": 29013.51
  },
  {
    "id": 387,
    "campaign": "SummerSale",
    "channel": "Snapchat",
    "region": "Australia",
    "date": "2025-06-01",
    "clicks": 27202,
    "impressions": 934886,
    "conversions": 1852,
    "spend": 10991.79,
    "revenue": 44098.89
  },
  {
    "id": 388,
    "campaign": "NewYearDeal",
    "channel": "Instagram",
    "region": "South America",
    "date": "2025-03-20",
    "clicks": 2804,
    "impressions": 996779,
    "conversions": 566,
    "spend": 12727.34,
    "revenue": 4924.41
  },
  {
    "id": 389,
    "campaign": "BackToSchool",
    "channel": "Google",
    "region": "Asia",
    "date": "2025-03-08",
    "clicks": 24249,
    "impressions": 529601,
    "conversions": 1566,
    "spend": 10725.39,
    "revenue": 45534.49
  },
  {
    "id": 390,
    "campaign": "WinterPromo",
    "channel": "Facebook",
    "region": "South America",
    "date": "2025-11-14",
    "clicks": 45171,
    "impressions": 88046,
    "conversions": 970,
    "spend": 14936.01,
    "revenue": 46430.7
  },
  {
    "id": 391,
    "campaign": "NewYearDeal",
    "channel": "Twitter",
    "region": "North America",
    "date": "2025-12-14",
    "clicks": 11309,
    "impressions": 323793,
    "conversions": 1879,
    "spend": 594.14,
    "revenue": 39853.68
  },
  {
    "id": 392,
    "campaign": "BackToSchool",
    "channel": "Pinterest",
    "region": "Asia",
    "date": "2025-11-06",
    "clicks": 39580,
    "impressions": 144117,
    "conversions": 244,
    "spend": 10067.39,
    "revenue": 42412.42
  },
  {
    "id": 393,
    "campaign": "CyberMonday",
    "channel": "Snapchat",
    "region": "Europe",
    "date": "2025-02-24",
    "clicks": 43849,
    "impressions": 548521,
    "conversions": 1588,
    "spend": 183.32,
    "revenue": 30691.38
  },
  {
    "id": 394,
    "campaign": "WinterPromo",
    "channel": "Facebook",
    "region": "Asia",
    "date": "2025-11-19",
    "clicks": 22695,
    "impressions": 889883,
    "conversions": 1803,
    "spend": 1099.0,
    "revenue": 28731.25
  },
  {
    "id": 395,
    "campaign": "NewYearDeal",
    "channel": "Facebook",
    "region": "Australia",
    "date": "2025-08-01",
    "clicks": 505,
    "impressions": 665864,
    "conversions": 442,
    "spend": 12171.15,
    "revenue": 28026.24
  },
  {
    "id": 396,
    "campaign": "BlackFriday",
    "channel": "Pinterest",
    "region": "Europe",
    "date": "2025-12-08",
    "clicks": 9775,
    "impressions": 656203,
    "conversions": 1065,
    "spend": 10145.48,
    "revenue": 2120.54
  },
  {
    "id": 397,
    "campaign": "BackToSchool",
    "channel": "TikTok",
    "region": "Asia",
    "date": "2025-10-04",
    "clicks": 47147,
    "impressions": 299166,
    "conversions": 991,
    "spend": 2042.71,
    "revenue": 3961.61
  },
  {
    "id": 398,
    "campaign": "SummerSale",
    "channel": "YouTube",
    "region": "Europe",
    "date": "2025-05-02",
    "clicks": 49251,
    "impressions": 559748,
    "conversions": 747,
    "spend": 12248.63,
    "revenue": 20569.97
  },
  {
    "id": 399,
    "campaign": "BackToSchool",
    "channel": "YouTube",
    "region": "North America",
    "date": "2025-05-18",
    "clicks": 8454,
    "impressions": 396990,
    "conversions": 812,
    "spend": 8545.45,
    "revenue": 33158.81
  },
  {
    "id": 400,
    "campaign": "SummerSale",
    "channel": "Reddit",
    "region": "Europe",
    "date": "2025-11-20",
    "clicks": 33555,
    "impressions": 740780,
    "conversions": 1639,
    "spend": 3825.64,
    "revenue": 9582.49
  },
  {
    "id": 401,
    "campaign": "SummerSale",
    "channel": "Twitter",
    "region": "North America",
    "date": "2025-07-28",
    "clicks": 32100,
    "impressions": 916893,
    "conversions": 424,
    "spend": 2929.07,
    "revenue": 45998.6
  },
  {
    "id": 402,
    "campaign": "BlackFriday",
    "channel": "Google",
    "region": "South America",
    "date": "2025-12-16",
    "clicks": 23493,
    "impressions": 231536,
    "conversions": 795,
    "spend": 12909.78,
    "revenue": 4631.42
  },
  {
    "id": 403,
    "campaign": "CyberMonday",
    "channel": "Reddit",
    "region": "North America",
    "date": "2025-08-08",
    "clicks": 32479,
    "impressions": 940269,
    "conversions": 608,
    "spend": 1834.93,
    "revenue": 30518.45
  },
  {
    "id": 404,
    "campaign": "BlackFriday",
    "channel": "YouTube",
    "region": "South America",
    "date": "2025-04-01",
    "clicks": 9254,
    "impressions": 256187,
    "conversions": 1264,
    "spend": 13434.82,
    "revenue": 5580.24
  },
  {
    "id": 405,
    "campaign": "NewYearDeal",
    "channel": "Pinterest",
    "region": "Australia",
    "date": "2025-11-04",
    "clicks": 1485,
    "impressions": 393287,
    "conversions": 1105,
    "spend": 6096.46,
    "revenue": 35151.69
  },
  {
    "id": 406,
    "campaign": "WinterPromo",
    "channel": "Twitter",
    "region": "Australia",
    "date": "2025-05-27",
    "clicks": 2250,
    "impressions": 215957,
    "conversions": 1951,
    "spend": 2144.14,
    "revenue": 23231.65
  },
  {
    "id": 407,
    "campaign": "CyberMonday",
    "channel": "Snapchat",
    "region": "Asia",
    "date": "2025-06-20",
    "clicks": 29438,
    "impressions": 82175,
    "conversions": 1643,
    "spend": 11904.06,
    "revenue": 16332.41
  },
  {
    "id": 408,
    "campaign": "WinterPromo",
    "channel": "Facebook",
    "region": "North America",
    "date": "2025-09-21",
    "clicks": 20428,
    "impressions": 942753,
    "conversions": 1066,
    "spend": 226.83,
    "revenue": 13691.92
  },
  {
    "id": 409,
    "campaign": "SummerSale",
    "channel": "Google",
    "region": "North America",
    "date": "2025-04-06",
    "clicks": 3396,
    "impressions": 549585,
    "conversions": 1900,
    "spend": 9946.75,
    "revenue": 49545.6
  },
  {
    "id": 410,
    "campaign": "NewYearDeal",
    "channel": "YouTube",
    "region": "South America",
    "date": "2025-01-27",
    "clicks": 20600,
    "impressions": 681763,
    "conversions": 437,
    "spend": 14187.22,
    "revenue": 18551.27
  },
  {
    "id": 411,
    "campaign": "BackToSchool",
    "channel": "YouTube",
    "region": "Europe",
    "date": "2025-07-21",
    "clicks": 4431,
    "impressions": 556301,
    "conversions": 1629,
    "spend": 7173.5,
    "revenue": 24153.73
  },
  {
    "id": 412,
    "campaign": "SummerSale",
    "channel": "Facebook",
    "region": "Asia",
    "date": "2025-10-13",
    "clicks": 44405,
    "impressions": 270973,
    "conversions": 1212,
    "spend": 10933.9,
    "revenue": 15641.62
  },
  {
    "id": 413,
    "campaign": "CyberMonday",
    "channel": "Google",
    "region": "Asia",
    "date": "2025-10-21",
    "clicks": 46789,
    "impressions": 887859,
    "conversions": 361,
    "spend": 6650.21,
    "revenue": 40045.8
  },
  {
    "id": 414,
    "campaign": "WinterPromo",
    "channel": "Pinterest",
    "region": "Australia",
    "date": "2025-11-08",
    "clicks": 12124,
    "impressions": 870648,
    "conversions": 650,
    "spend": 10918.58,
    "revenue": 25291.5
  },
  {
    "id": 415,
    "campaign": "SummerSale",
    "channel": "Google",
    "region": "North America",
    "date": "2025-04-11",
    "clicks": 42883,
    "impressions": 489879,
    "conversions": 10,
    "spend": 9864.85,
    "revenue": 34050.74
  },
  {
    "id": 416,
    "campaign": "BlackFriday",
    "channel": "Instagram",
    "region": "North America",
    "date": "2025-11-12",
    "clicks": 48738,
    "impressions": 267031,
    "conversions": 1827,
    "spend": 3648.94,
    "revenue": 1622.58
  },
  {
    "id": 417,
    "campaign": "WinterPromo",
    "channel": "Instagram",
    "region": "North America",
    "date": "2025-12-14",
    "clicks": 45710,
    "impressions": 466078,
    "conversions": 429,
    "spend": 8523.71,
    "revenue": 37922.89
  },
  {
    "id": 418,
    "campaign": "SummerSale",
    "channel": "YouTube",
    "region": "Australia",
    "date": "2025-10-16",
    "clicks": 7121,
    "impressions": 427057,
    "conversions": 1681,
    "spend": 13903.6,
    "revenue": 42615.21
  },
  {
    "id": 419,
    "campaign": "WinterPromo",
    "channel": "TikTok",
    "region": "North America",
    "date": "2025-07-03",
    "clicks": 31526,
    "impressions": 389158,
    "conversions": 1340,
    "spend": 7464.26,
    "revenue": 4245.75
  },
  {
    "id": 420,
    "campaign": "NewYearDeal",
    "channel": "Google",
    "region": "Asia",
    "date": "2025-11-19",
    "clicks": 45345,
    "impressions": 368978,
    "conversions": 900,
    "spend": 10103.28,
    "revenue": 3784.48
  },
  {
    "id": 421,
    "campaign": "NewYearDeal",
    "channel": "Google",
    "region": "South America",
    "date": "2025-12-22",
    "clicks": 10199,
    "impressions": 24630,
    "conversions": 927,
    "spend": 4511.83,
    "revenue": 37297.75
  },
  {
    "id": 422,
    "campaign": "NewYearDeal",
    "channel": "Reddit",
    "region": "North America",
    "date": "2025-11-02",
    "clicks": 45639,
    "impressions": 470861,
    "conversions": 1491,
    "spend": 2009.69,
    "revenue": 42910.43
  },
  {
    "id": 423,
    "campaign": "SummerSale",
    "channel": "Pinterest",
    "region": "North America",
    "date": "2025-08-01",
    "clicks": 5989,
    "impressions": 630472,
    "conversions": 525,
    "spend": 6597.44,
    "revenue": 5298.06
  },
  {
    "id": 424,
    "campaign": "NewYearDeal",
    "channel": "YouTube",
    "region": "Europe",
    "date": "2025-08-14",
    "clicks": 40076,
    "impressions": 666876,
    "conversions": 1339,
    "spend": 4730.16,
    "revenue": 38399.02
  },
  {
    "id": 425,
    "campaign": "BackToSchool",
    "channel": "Twitter",
    "region": "Asia",
    "date": "2025-03-16",
    "clicks": 35360,
    "impressions": 412083,
    "conversions": 833,
    "spend": 133.63,
    "revenue": 24084.03
  },
  {
    "id": 426,
    "campaign": "BlackFriday",
    "channel": "TikTok",
    "region": "North America",
    "date": "2025-02-14",
    "clicks": 10599,
    "impressions": 800187,
    "conversions": 428,
    "spend": 10459.48,
    "revenue": 45709.08
  },
  {
    "id": 427,
    "campaign": "SummerSale",
    "channel": "Instagram",
    "region": "Europe",
    "date": "2025-10-24",
    "clicks": 38382,
    "impressions": 747984,
    "conversions": 1572,
    "spend": 8791.85,
    "revenue": 20435.15
  },
  {
    "id": 428,
    "campaign": "CyberMonday",
    "channel": "YouTube",
    "region": "North America",
    "date": "2025-09-16",
    "clicks": 35403,
    "impressions": 73785,
    "conversions": 745,
    "spend": 3869.91,
    "revenue": 34886.19
  },
  {
    "id": 429,
    "campaign": "SummerSale",
    "channel": "Pinterest",
    "region": "North America",
    "date": "2025-06-11",
    "clicks": 9392,
    "impressions": 94691,
    "conversions": 1046,
    "spend": 6742.59,
    "revenue": 12990.56
  },
  {
    "id": 430,
    "campaign": "SummerSale",
    "channel": "Facebook",
    "region": "Asia",
    "date": "2025-09-24",
    "clicks": 32185,
    "impressions": 650774,
    "conversions": 1270,
    "spend": 5811.93,
    "revenue": 44634.0
  },
  {
    "id": 431,
    "campaign": "NewYearDeal",
    "channel": "LinkedIn",
    "region": "North America",
    "date": "2025-05-06",
    "clicks": 7076,
    "impressions": 755829,
    "conversions": 1937,
    "spend": 5980.25,
    "revenue": 48532.27
  },
  {
    "id": 432,
    "campaign": "CyberMonday",
    "channel": "TikTok",
    "region": "Europe",
    "date": "2025-05-21",
    "clicks": 17263,
    "impressions": 280713,
    "conversions": 1673,
    "spend": 4585.57,
    "revenue": 8881.94
  },
  {
    "id": 433,
    "campaign": "BlackFriday",
    "channel": "TikTok",
    "region": "Australia",
    "date": "2025-06-26",
    "clicks": 28546,
    "impressions": 908591,
    "conversions": 1045,
    "spend": 11579.23,
    "revenue": 28682.71
  },
  {
    "id": 434,
    "campaign": "CyberMonday",
    "channel": "TikTok",
    "region": "Australia",
    "date": "2025-08-07",
    "clicks": 48133,
    "impressions": 81640,
    "conversions": 241,
    "spend": 11558.54,
    "revenue": 45373.79
  },
  {
    "id": 435,
    "campaign": "SummerSale",
    "channel": "Pinterest",
    "region": "Asia",
    "date": "2025-03-18",
    "clicks": 42195,
    "impressions": 727494,
    "conversions": 1963,
    "spend": 14264.47,
    "revenue": 37890.16
  },
  {
    "id": 436,
    "campaign": "WinterPromo",
    "channel": "YouTube",
    "region": "Australia",
    "date": "2025-11-19",
    "clicks": 25417,
    "impressions": 567001,
    "conversions": 1303,
    "spend": 11197.27,
    "revenue": 2813.71
  },
  {
    "id": 437,
    "campaign": "NewYearDeal",
    "channel": "Reddit",
    "region": "Asia",
    "date": "2025-11-08",
    "clicks": 47976,
    "impressions": 915823,
    "conversions": 1084,
    "spend": 8911.39,
    "revenue": 44654.42
  },
  {
    "id": 438,
    "campaign": "WinterPromo",
    "channel": "Pinterest",
    "region": "North America",
    "date": "2025-08-21",
    "clicks": 42410,
    "impressions": 833698,
    "conversions": 975,
    "spend": 13167.3,
    "revenue": 7505.03
  },
  {
    "id": 439,
    "campaign": "NewYearDeal",
    "channel": "Reddit",
    "region": "Australia",
    "date": "2025-09-07",
    "clicks": 6778,
    "impressions": 262318,
    "conversions": 33,
    "spend": 8227.3,
    "revenue": 40690.44
  },
  {
    "id": 440,
    "campaign": "BackToSchool",
    "channel": "Pinterest",
    "region": "North America",
    "date": "2025-12-11",
    "clicks": 45315,
    "impressions": 374667,
    "conversions": 1042,
    "spend": 2794.28,
    "revenue": 26308.45
  },
  {
    "id": 441,
    "campaign": "CyberMonday",
    "channel": "Google",
    "region": "South America",
    "date": "2025-08-04",
    "clicks": 971,
    "impressions": 250966,
    "conversions": 1834,
    "spend": 5922.82,
    "revenue": 8089.6
  },
  {
    "id": 442,
    "campaign": "SummerSale",
    "channel": "LinkedIn",
    "region": "North America",
    "date": "2025-01-02",
    "clicks": 7469,
    "impressions": 392566,
    "conversions": 1645,
    "spend": 2747.13,
    "revenue": 48220.99
  },
  {
    "id": 443,
    "campaign": "BackToSchool",
    "channel": "Instagram",
    "region": "Asia",
    "date": "2025-11-11",
    "clicks": 40217,
    "impressions": 730334,
    "conversions": 988,
    "spend": 9974.44,
    "revenue": 6311.37
  },
  {
    "id": 444,
    "campaign": "WinterPromo",
    "channel": "Google",
    "region": "Europe",
    "date": "2025-09-09",
    "clicks": 4798,
    "impressions": 41766,
    "conversions": 1772,
    "spend": 13852.36,
    "revenue": 42380.78
  },
  {
    "id": 445,
    "campaign": "NewYearDeal",
    "channel": "Twitter",
    "region": "Australia",
    "date": "2025-02-14",
    "clicks": 26076,
    "impressions": 129537,
    "conversions": 1933,
    "spend": 2133.93,
    "revenue": 35536.31
  },
  {
    "id": 446,
    "campaign": "SummerSale",
    "channel": "Facebook",
    "region": "Europe",
    "date": "2025-06-20",
    "clicks": 26506,
    "impressions": 170158,
    "conversions": 1363,
    "spend": 1385.24,
    "revenue": 4939.28
  },
  {
    "id": 447,
    "campaign": "SummerSale",
    "channel": "Twitter",
    "region": "South America",
    "date": "2025-02-07",
    "clicks": 29774,
    "impressions": 169650,
    "conversions": 1047,
    "spend": 4492.97,
    "revenue": 39012.41
  },
  {
    "id": 448,
    "campaign": "SummerSale",
    "channel": "Pinterest",
    "region": "Australia",
    "date": "2025-03-22",
    "clicks": 37738,
    "impressions": 181333,
    "conversions": 1780,
    "spend": 11166.37,
    "revenue": 10032.93
  },
  {
    "id": 449,
    "campaign": "BackToSchool",
    "channel": "LinkedIn",
    "region": "South America",
    "date": "2025-11-26",
    "clicks": 7915,
    "impressions": 87188,
    "conversions": 1750,
    "spend": 14114.66,
    "revenue": 4508.49
  },
  {
    "id": 450,
    "campaign": "WinterPromo",
    "channel": "Snapchat",
    "region": "North America",
    "date": "2025-11-25",
    "clicks": 10719,
    "impressions": 401023,
    "conversions": 64,
    "spend": 11009.82,
    "revenue": 23525.66
  },
  {
    "id": 451,
    "campaign": "CyberMonday",
    "channel": "Instagram",
    "region": "Europe",
    "date": "2025-11-08",
    "clicks": 8081,
    "impressions": 595048,
    "conversions": 1391,
    "spend": 1543.54,
    "revenue": 13088.04
  },
  {
    "id": 452,
    "campaign": "NewYearDeal",
    "channel": "Twitter",
    "region": "Asia",
    "date": "2025-05-03",
    "clicks": 35672,
    "impressions": 400604,
    "conversions": 21,
    "spend": 1877.84,
    "revenue": 25574.22
  },
  {
    "id": 453,
    "campaign": "NewYearDeal",
    "channel": "Snapchat",
    "region": "North America",
    "date": "2025-03-08",
    "clicks": 39363,
    "impressions": 547224,
    "conversions": 1101,
    "spend": 9416.1,
    "revenue": 20582.13
  },
  {
    "id": 454,
    "campaign": "CyberMonday",
    "channel": "Facebook",
    "region": "Europe",
    "date": "2025-10-10",
    "clicks": 42829,
    "impressions": 411803,
    "conversions": 400,
    "spend": 4470.6,
    "revenue": 43581.66
  },
  {
    "id": 455,
    "campaign": "BackToSchool",
    "channel": "Pinterest",
    "region": "Australia",
    "date": "2025-07-19",
    "clicks": 15324,
    "impressions": 799099,
    "conversions": 1948,
    "spend": 13965.51,
    "revenue": 26659.47
  },
  {
    "id": 456,
    "campaign": "SummerSale",
    "channel": "Snapchat",
    "region": "North America",
    "date": "2025-03-04",
    "clicks": 42209,
    "impressions": 61653,
    "conversions": 983,
    "spend": 3618.66,
    "revenue": 32087.94
  },
  {
    "id": 457,
    "campaign": "WinterPromo",
    "channel": "YouTube",
    "region": "Europe",
    "date": "2025-07-27",
    "clicks": 31890,
    "impressions": 451872,
    "conversions": 688,
    "spend": 2203.25,
    "revenue": 42699.33
  },
  {
    "id": 458,
    "campaign": "BlackFriday",
    "channel": "YouTube",
    "region": "Europe",
    "date": "2025-07-07",
    "clicks": 40732,
    "impressions": 890151,
    "conversions": 1702,
    "spend": 4139.51,
    "revenue": 16366.93
  },
  {
    "id": 459,
    "campaign": "BackToSchool",
    "channel": "TikTok",
    "region": "Asia",
    "date": "2025-08-28",
    "clicks": 26190,
    "impressions": 663154,
    "conversions": 1651,
    "spend": 6503.58,
    "revenue": 39869.41
  },
  {
    "id": 460,
    "campaign": "CyberMonday",
    "channel": "TikTok",
    "region": "Australia",
    "date": "2025-10-22",
    "clicks": 28637,
    "impressions": 51146,
    "conversions": 654,
    "spend": 5563.38,
    "revenue": 2525.99
  },
  {
    "id": 461,
    "campaign": "BlackFriday",
    "channel": "Facebook",
    "region": "Europe",
    "date": "2025-12-05",
    "clicks": 34419,
    "impressions": 786416,
    "conversions": 421,
    "spend": 914.73,
    "revenue": 42827.89
  },
  {
    "id": 462,
    "campaign": "BlackFriday",
    "channel": "Facebook",
    "region": "Europe",
    "date": "2025-07-07",
    "clicks": 49501,
    "impressions": 732925,
    "conversions": 377,
    "spend": 6609.01,
    "revenue": 26257.88
  },
  {
    "id": 463,
    "campaign": "BackToSchool",
    "channel": "Pinterest",
    "region": "Europe",
    "date": "2025-05-04",
    "clicks": 9882,
    "impressions": 354282,
    "conversions": 236,
    "spend": 234.75,
    "revenue": 27718.87
  },
  {
    "id": 464,
    "campaign": "CyberMonday",
    "channel": "LinkedIn",
    "region": "Europe",
    "date": "2025-06-25",
    "clicks": 47822,
    "impressions": 509386,
    "conversions": 1755,
    "spend": 8306.32,
    "revenue": 32511.5
  },
  {
    "id": 465,
    "campaign": "WinterPromo",
    "channel": "TikTok",
    "region": "South America",
    "date": "2025-12-21",
    "clicks": 11056,
    "impressions": 161481,
    "conversions": 1823,
    "spend": 7605.01,
    "revenue": 14958.68
  },
  {
    "id": 466,
    "campaign": "BlackFriday",
    "channel": "TikTok",
    "region": "North America",
    "date": "2025-12-05",
    "clicks": 11749,
    "impressions": 835681,
    "conversions": 438,
    "spend": 7077.94,
    "revenue": 44486.63
  },
  {
    "id": 467,
    "campaign": "CyberMonday",
    "channel": "TikTok",
    "region": "South America",
    "date": "2025-10-25",
    "clicks": 28498,
    "impressions": 115809,
    "conversions": 12,
    "spend": 11646.27,
    "revenue": 47115.73
  },
  {
    "id": 468,
    "campaign": "BlackFriday",
    "channel": "Facebook",
    "region": "Australia",
    "date": "2025-12-25",
    "clicks": 44451,
    "impressions": 225858,
    "conversions": 1096,
    "spend": 9533.45,
    "revenue": 13476.1
  },
  {
    "id": 469,
    "campaign": "NewYearDeal",
    "channel": "LinkedIn",
    "region": "Europe",
    "date": "2025-02-03",
    "clicks": 4476,
    "impressions": 881079,
    "conversions": 1038,
    "spend": 4283.9,
    "revenue": 44539.83
  },
  {
    "id": 470,
    "campaign": "CyberMonday",
    "channel": "Google",
    "region": "Asia",
    "date": "2025-05-17",
    "clicks": 17816,
    "impressions": 518624,
    "conversions": 483,
    "spend": 13654.4,
    "revenue": 29876.27
  },
  {
    "id": 471,
    "campaign": "CyberMonday",
    "channel": "Pinterest",
    "region": "Europe",
    "date": "2025-04-04",
    "clicks": 18091,
    "impressions": 216969,
    "conversions": 1085,
    "spend": 5674.26,
    "revenue": 41037.92
  },
  {
    "id": 472,
    "campaign": "WinterPromo",
    "channel": "Facebook",
    "region": "North America",
    "date": "2025-06-20",
    "clicks": 5787,
    "impressions": 533217,
    "conversions": 1793,
    "spend": 12478.96,
    "revenue": 29931.57
  },
  {
    "id": 473,
    "campaign": "CyberMonday",
    "channel": "TikTok",
    "region": "Australia",
    "date": "2025-01-14",
    "clicks": 36439,
    "impressions": 939208,
    "conversions": 1871,
    "spend": 9539.78,
    "revenue": 37239.33
  },
  {
    "id": 474,
    "campaign": "WinterPromo",
    "channel": "Facebook",
    "region": "North America",
    "date": "2025-04-02",
    "clicks": 27629,
    "impressions": 398081,
    "conversions": 668,
    "spend": 2880.25,
    "revenue": 18372.91
  },
  {
    "id": 475,
    "campaign": "CyberMonday",
    "channel": "Instagram",
    "region": "Asia",
    "date": "2025-08-09",
    "clicks": 1708,
    "impressions": 594830,
    "conversions": 1556,
    "spend": 3576.32,
    "revenue": 33128.2
  },
  {
    "id": 476,
    "campaign": "WinterPromo",
    "channel": "LinkedIn",
    "region": "Asia",
    "date": "2025-02-05",
    "clicks": 49149,
    "impressions": 847237,
    "conversions": 1723,
    "spend": 14540.7,
    "revenue": 44303.23
  },
  {
    "id": 477,
    "campaign": "CyberMonday",
    "channel": "Reddit",
    "region": "Asia",
    "date": "2025-12-01",
    "clicks": 40988,
    "impressions": 887957,
    "conversions": 1343,
    "spend": 5865.84,
    "revenue": 44251.32
  },
  {
    "id": 478,
    "campaign": "BackToSchool",
    "channel": "LinkedIn",
    "region": "Australia",
    "date": "2025-04-13",
    "clicks": 16782,
    "impressions": 532973,
    "conversions": 1581,
    "spend": 7286.38,
    "revenue": 31997.58
  },
  {
    "id": 479,
    "campaign": "SummerSale",
    "channel": "Google",
    "region": "North America",
    "date": "2025-11-22",
    "clicks": 47482,
    "impressions": 362361,
    "conversions": 467,
    "spend": 10085.23,
    "revenue": 32676.71
  },
  {
    "id": 480,
    "campaign": "SummerSale",
    "channel": "Snapchat",
    "region": "Asia",
    "date": "2025-08-01",
    "clicks": 14572,
    "impressions": 365509,
    "conversions": 286,
    "spend": 10767.53,
    "revenue": 17195.56
  },
  {
    "id": 481,
    "campaign": "BackToSchool",
    "channel": "Pinterest",
    "region": "Europe",
    "date": "2025-12-15",
    "clicks": 10326,
    "impressions": 791039,
    "conversions": 1621,
    "spend": 12548.11,
    "revenue": 41886.69
  },
  {
    "id": 482,
    "campaign": "CyberMonday",
    "channel": "YouTube",
    "region": "South America",
    "date": "2025-09-25",
    "clicks": 33206,
    "impressions": 549727,
    "conversions": 360,
    "spend": 108.0,
    "revenue": 22718.12
  },
  {
    "id": 483,
    "campaign": "BlackFriday",
    "channel": "LinkedIn",
    "region": "South America",
    "date": "2025-04-18",
    "clicks": 2815,
    "impressions": 553030,
    "conversions": 365,
    "spend": 14260.78,
    "revenue": 33335.94
  },
  {
    "id": 484,
    "campaign": "BlackFriday",
    "channel": "TikTok",
    "region": "Australia",
    "date": "2025-03-16",
    "clicks": 2468,
    "impressions": 735182,
    "conversions": 1507,
    "spend": 1718.97,
    "revenue": 19620.12
  },
  {
    "id": 485,
    "campaign": "SummerSale",
    "channel": "Instagram",
    "region": "Asia",
    "date": "2025-06-08",
    "clicks": 4339,
    "impressions": 760671,
    "conversions": 132,
    "spend": 7641.26,
    "revenue": 20335.48
  },
  {
    "id": 486,
    "campaign": "BackToSchool",
    "channel": "TikTok",
    "region": "Europe",
    "date": "2025-04-21",
    "clicks": 30672,
    "impressions": 739770,
    "conversions": 755,
    "spend": 12036.51,
    "revenue": 27695.14
  },
  {
    "id": 487,
    "campaign": "CyberMonday",
    "channel": "Facebook",
    "region": "Australia",
    "date": "2025-05-02",
    "clicks": 17993,
    "impressions": 177385,
    "conversions": 981,
    "spend": 13614.03,
    "revenue": 35612.09
  },
  {
    "id": 488,
    "campaign": "BackToSchool",
    "channel": "Reddit",
    "region": "South America",
    "date": "2025-02-26",
    "clicks": 33398,
    "impressions": 91017,
    "conversions": 1423,
    "spend": 6678.63,
    "revenue": 4042.33
  },
  {
    "id": 489,
    "campaign": "NewYearDeal",
    "channel": "Snapchat",
    "region": "Europe",
    "date": "2025-01-24",
    "clicks": 21455,
    "impressions": 404311,
    "conversions": 1699,
    "spend": 10698.68,
    "revenue": 7345.83
  },
  {
    "id": 490,
    "campaign": "BlackFriday",
    "channel": "Google",
    "region": "South America",
    "date": "2025-04-26",
    "clicks": 38705,
    "impressions": 927467,
    "conversions": 615,
    "spend": 2828.33,
    "revenue": 8663.05
  },
  {
    "id": 491,
    "campaign": "BlackFriday",
    "channel": "Twitter",
    "region": "Europe",
    "date": "2025-08-28",
    "clicks": 4580,
    "impressions": 378019,
    "conversions": 1585,
    "spend": 12997.8,
    "revenue": 10910.02
  },
  {
    "id": 492,
    "campaign": "NewYearDeal",
    "channel": "LinkedIn",
    "region": "Asia",
    "date": "2025-03-10",
    "clicks": 40697,
    "impressions": 443498,
    "conversions": 580,
    "spend": 14380.46,
    "revenue": 5512.49
  },
  {
    "id": 493,
    "campaign": "BlackFriday",
    "channel": "LinkedIn",
    "region": "South America",
    "date": "2025-02-18",
    "clicks": 39016,
    "impressions": 928010,
    "conversions": 57,
    "spend": 4164.67,
    "revenue": 28248.6
  },
  {
    "id": 494,
    "campaign": "CyberMonday",
    "channel": "LinkedIn",
    "region": "Asia",
    "date": "2025-02-17",
    "clicks": 7311,
    "impressions": 563405,
    "conversions": 1212,
    "spend": 5686.86,
    "revenue": 29427.63
  },
  {
    "id": 495,
    "campaign": "SummerSale",
    "channel": "Twitter",
    "region": "South America",
    "date": "2025-12-16",
    "clicks": 3198,
    "impressions": 649271,
    "conversions": 106,
    "spend": 11780.6,
    "revenue": 9781.51
  },
  {
    "id": 496,
    "campaign": "BackToSchool",
    "channel": "Facebook",
    "region": "Asia",
    "date": "2025-08-21",
    "clicks": 24423,
    "impressions": 168820,
    "conversions": 887,
    "spend": 8827.05,
    "revenue": 1974.75
  },
  {
    "id": 497,
    "campaign": "CyberMonday",
    "channel": "Instagram",
    "region": "Europe",
    "date": "2025-05-11",
    "clicks": 2706,
    "impressions": 449396,
    "conversions": 1367,
    "spend": 2777.23,
    "revenue": 48720.46
  },
  {
    "id": 498,
    "campaign": "BlackFriday",
    "channel": "YouTube",
    "region": "North America",
    "date": "2025-02-07",
    "clicks": 6510,
    "impressions": 567033,
    "conversions": 1401,
    "spend": 281.94,
    "revenue": 40775.65
  },
  {
    "id": 499,
    "campaign": "BackToSchool",
    "channel": "Facebook",
    "region": "North America",
    "date": "2025-11-02",
    "clicks": 14457,
    "impressions": 242176,
    "conversions": 1337,
    "spend": 10666.41,
    "revenue": 40064.59
  },
  {
    "id": 500,
    "campaign": "CyberMonday",
    "channel": "Google",
    "region": "Europe",
    "date": "2025-11-07",
    "clicks": 44918,
    "impressions": 902432,
    "conversions": 1721,
    "spend": 13573.66,
    "revenue": 46012.95
  },
  {
    "id": 501,
    "campaign": "WinterPromo",
    "channel": "Snapchat",
    "region": "North America",
    "date": "2025-12-15",
    "clicks": 4818,
    "impressions": 750613,
    "conversions": 728,
    "spend": 11786.88,
    "revenue": 11928.09
  },
  {
    "id": 502,
    "campaign": "BackToSchool",
    "channel": "Snapchat",
    "region": "North America",
    "date": "2025-06-08",
    "clicks": 36125,
    "impressions": 577674,
    "conversions": 1606,
    "spend": 12611.02,
    "revenue": 38638.5
  },
  {
    "id": 503,
    "campaign": "CyberMonday",
    "channel": "Snapchat",
    "region": "Australia",
    "date": "2025-10-15",
    "clicks": 25181,
    "impressions": 81941,
    "conversions": 1549,
    "spend": 14167.03,
    "revenue": 6280.36
  },
  {
    "id": 504,
    "campaign": "BackToSchool",
    "channel": "YouTube",
    "region": "Asia",
    "date": "2025-03-01",
    "clicks": 39947,
    "impressions": 309688,
    "conversions": 1465,
    "spend": 9849.13,
    "revenue": 10532.04
  },
  {
    "id": 505,
    "campaign": "SummerSale",
    "channel": "Google",
    "region": "South America",
    "date": "2025-05-19",
    "clicks": 24145,
    "impressions": 809186,
    "conversions": 1698,
    "spend": 14912.2,
    "revenue": 23160.93
  },
  {
    "id": 506,
    "campaign": "BlackFriday",
    "channel": "Facebook",
    "region": "South America",
    "date": "2025-09-09",
    "clicks": 40908,
    "impressions": 282141,
    "conversions": 1252,
    "spend": 2691.07,
    "revenue": 3301.07
  },
  {
    "id": 507,
    "campaign": "BlackFriday",
    "channel": "TikTok",
    "region": "South America",
    "date": "2025-06-22",
    "clicks": 10772,
    "impressions": 84141,
    "conversions": 1880,
    "spend": 14026.0,
    "revenue": 1940.76
  },
  {
    "id": 508,
    "campaign": "NewYearDeal",
    "channel": "LinkedIn",
    "region": "North America",
    "date": "2025-05-16",
    "clicks": 46434,
    "impressions": 435665,
    "conversions": 1426,
    "spend": 12400.56,
    "revenue": 28817.57
  },
  {
    "id": 509,
    "campaign": "BlackFriday",
    "channel": "Pinterest",
    "region": "South America",
    "date": "2025-03-20",
    "clicks": 15347,
    "impressions": 771811,
    "conversions": 143,
    "spend": 9927.33,
    "revenue": 18986.48
  },
  {
    "id": 510,
    "campaign": "CyberMonday",
    "channel": "Reddit",
    "region": "South America",
    "date": "2025-02-17",
    "clicks": 31985,
    "impressions": 663020,
    "conversions": 968,
    "spend": 13408.64,
    "revenue": 30595.06
  },
  {
    "id": 511,
    "campaign": "NewYearDeal",
    "channel": "YouTube",
    "region": "South America",
    "date": "2025-07-27",
    "clicks": 41346,
    "impressions": 166988,
    "conversions": 1951,
    "spend": 7854.51,
    "revenue": 33297.83
  },
  {
    "id": 512,
    "campaign": "BlackFriday",
    "channel": "YouTube",
    "region": "North America",
    "date": "2025-07-04",
    "clicks": 13666,
    "impressions": 695925,
    "conversions": 742,
    "spend": 8766.41,
    "revenue": 49130.24
  },
  {
    "id": 513,
    "campaign": "WinterPromo",
    "channel": "LinkedIn",
    "region": "Asia",
    "date": "2025-05-17",
    "clicks": 37554,
    "impressions": 463120,
    "conversions": 1267,
    "spend": 12854.6,
    "revenue": 18493.08
  },
  {
    "id": 514,
    "campaign": "WinterPromo",
    "channel": "LinkedIn",
    "region": "North America",
    "date": "2025-07-28",
    "clicks": 45571,
    "impressions": 452280,
    "conversions": 1357,
    "spend": 5031.52,
    "revenue": 39740.86
  },
  {
    "id": 515,
    "campaign": "SummerSale",
    "channel": "Reddit",
    "region": "South America",
    "date": "2025-11-15",
    "clicks": 40584,
    "impressions": 872386,
    "conversions": 1208,
    "spend": 14162.77,
    "revenue": 11539.16
  },
  {
    "id": 516,
    "campaign": "CyberMonday",
    "channel": "Twitter",
    "region": "North America",
    "date": "2025-06-13",
    "clicks": 12049,
    "impressions": 58278,
    "conversions": 882,
    "spend": 2393.6,
    "revenue": 15753.88
  },
  {
    "id": 517,
    "campaign": "BlackFriday",
    "channel": "Reddit",
    "region": "North America",
    "date": "2025-05-20",
    "clicks": 36170,
    "impressions": 307968,
    "conversions": 895,
    "spend": 5756.57,
    "revenue": 17875.83
  },
  {
    "id": 518,
    "campaign": "BlackFriday",
    "channel": "Snapchat",
    "region": "South America",
    "date": "2025-04-09",
    "clicks": 2459,
    "impressions": 342883,
    "conversions": 228,
    "spend": 7202.26,
    "revenue": 3012.01
  },
  {
    "id": 519,
    "campaign": "BlackFriday",
    "channel": "Pinterest",
    "region": "South America",
    "date": "2025-07-09",
    "clicks": 29745,
    "impressions": 89303,
    "conversions": 989,
    "spend": 2919.63,
    "revenue": 21907.96
  },
  {
    "id": 520,
    "campaign": "BackToSchool",
    "channel": "Pinterest",
    "region": "Australia",
    "date": "2025-12-24",
    "clicks": 25025,
    "impressions": 966612,
    "conversions": 394,
    "spend": 2255.99,
    "revenue": 38869.73
  },
  {
    "id": 521,
    "campaign": "BlackFriday",
    "channel": "Twitter",
    "region": "Europe",
    "date": "2025-11-23",
    "clicks": 49588,
    "impressions": 883461,
    "conversions": 1941,
    "spend": 6905.46,
    "revenue": 45507.21
  },
  {
    "id": 522,
    "campaign": "CyberMonday",
    "channel": "Pinterest",
    "region": "Europe",
    "date": "2025-05-26",
    "clicks": 29179,
    "impressions": 787570,
    "conversions": 1565,
    "spend": 2569.75,
    "revenue": 26371.92
  },
  {
    "id": 523,
    "campaign": "NewYearDeal",
    "channel": "Google",
    "region": "Europe",
    "date": "2025-11-19",
    "clicks": 18447,
    "impressions": 614290,
    "conversions": 939,
    "spend": 8539.81,
    "revenue": 11511.52
  },
  {
    "id": 524,
    "campaign": "WinterPromo",
    "channel": "LinkedIn",
    "region": "Australia",
    "date": "2025-09-12",
    "clicks": 41332,
    "impressions": 689472,
    "conversions": 1888,
    "spend": 8837.91,
    "revenue": 3246.47
  },
  {
    "id": 525,
    "campaign": "BlackFriday",
    "channel": "Instagram",
    "region": "North America",
    "date": "2025-07-26",
    "clicks": 33957,
    "impressions": 279971,
    "conversions": 1076,
    "spend": 179.84,
    "revenue": 30888.07
  },
  {
    "id": 526,
    "campaign": "BackToSchool",
    "channel": "YouTube",
    "region": "Europe",
    "date": "2025-04-18",
    "clicks": 13775,
    "impressions": 875311,
    "conversions": 297,
    "spend": 7410.13,
    "revenue": 49023.58
  },
  {
    "id": 527,
    "campaign": "NewYearDeal",
    "channel": "Instagram",
    "region": "Asia",
    "date": "2025-04-06",
    "clicks": 16744,
    "impressions": 260408,
    "conversions": 84,
    "spend": 13293.21,
    "revenue": 34751.68
  },
  {
    "id": 528,
    "campaign": "BlackFriday",
    "channel": "Twitter",
    "region": "Australia",
    "date": "2025-02-01",
    "clicks": 2414,
    "impressions": 216142,
    "conversions": 1192,
    "spend": 13450.54,
    "revenue": 45642.94
  },
  {
    "id": 529,
    "campaign": "BlackFriday",
    "channel": "Twitter",
    "region": "Australia",
    "date": "2025-10-11",
    "clicks": 5648,
    "impressions": 597035,
    "conversions": 1783,
    "spend": 393.41,
    "revenue": 23528.43
  },
  {
    "id": 530,
    "campaign": "BlackFriday",
    "channel": "Reddit",
    "region": "South America",
    "date": "2025-07-07",
    "clicks": 17112,
    "impressions": 244460,
    "conversions": 742,
    "spend": 13315.88,
    "revenue": 45500.77
  },
  {
    "id": 531,
    "campaign": "CyberMonday",
    "channel": "Facebook",
    "region": "Asia",
    "date": "2025-08-05",
    "clicks": 2995,
    "impressions": 89629,
    "conversions": 1400,
    "spend": 12489.59,
    "revenue": 25838.82
  },
  {
    "id": 532,
    "campaign": "NewYearDeal",
    "channel": "YouTube",
    "region": "Asia",
    "date": "2025-01-05",
    "clicks": 1097,
    "impressions": 737354,
    "conversions": 1430,
    "spend": 819.69,
    "revenue": 47262.6
  },
  {
    "id": 533,
    "campaign": "BackToSchool",
    "channel": "Instagram",
    "region": "Europe",
    "date": "2025-04-04",
    "clicks": 38970,
    "impressions": 174714,
    "conversions": 234,
    "spend": 5964.15,
    "revenue": 11914.77
  },
  {
    "id": 534,
    "campaign": "SummerSale",
    "channel": "Instagram",
    "region": "South America",
    "date": "2025-09-15",
    "clicks": 15878,
    "impressions": 262605,
    "conversions": 1485,
    "spend": 5543.58,
    "revenue": 37978.46
  },
  {
    "id": 535,
    "campaign": "WinterPromo",
    "channel": "Reddit",
    "region": "Asia",
    "date": "2025-05-15",
    "clicks": 24276,
    "impressions": 477456,
    "conversions": 1816,
    "spend": 10914.13,
    "revenue": 49810.82
  },
  {
    "id": 536,
    "campaign": "SummerSale",
    "channel": "Facebook",
    "region": "Europe",
    "date": "2025-07-08",
    "clicks": 25370,
    "impressions": 9022,
    "conversions": 1393,
    "spend": 4123.0,
    "revenue": 3372.48
  },
  {
    "id": 537,
    "campaign": "BackToSchool",
    "channel": "Google",
    "region": "Asia",
    "date": "2025-12-05",
    "clicks": 47977,
    "impressions": 599101,
    "conversions": 376,
    "spend": 8231.14,
    "revenue": 17966.75
  },
  {
    "id": 538,
    "campaign": "WinterPromo",
    "channel": "Pinterest",
    "region": "Australia",
    "date": "2025-08-21",
    "clicks": 43614,
    "impressions": 421725,
    "conversions": 56,
    "spend": 4223.62,
    "revenue": 26157.21
  },
  {
    "id": 539,
    "campaign": "WinterPromo",
    "channel": "Facebook",
    "region": "Europe",
    "date": "2025-06-05",
    "clicks": 44029,
    "impressions": 472377,
    "conversions": 500,
    "spend": 12935.29,
    "revenue": 21306.11
  },
  {
    "id": 540,
    "campaign": "WinterPromo",
    "channel": "TikTok",
    "region": "North America",
    "date": "2025-01-23",
    "clicks": 29100,
    "impressions": 905164,
    "conversions": 1066,
    "spend": 9353.39,
    "revenue": 36033.17
  },
  {
    "id": 541,
    "campaign": "WinterPromo",
    "channel": "Reddit",
    "region": "South America",
    "date": "2025-04-06",
    "clicks": 25953,
    "impressions": 6538,
    "conversions": 1316,
    "spend": 1031.5,
    "revenue": 3115.88
  },
  {
    "id": 542,
    "campaign": "SummerSale",
    "channel": "Twitter",
    "region": "South America",
    "date": "2025-01-17",
    "clicks": 8777,
    "impressions": 172331,
    "conversions": 470,
    "spend": 6353.72,
    "revenue": 32320.53
  },
  {
    "id": 543,
    "campaign": "CyberMonday",
    "channel": "Facebook",
    "region": "Europe",
    "date": "2025-01-08",
    "clicks": 6286,
    "impressions": 115610,
    "conversions": 861,
    "spend": 3527.77,
    "revenue": 43957.72
  },
  {
    "id": 544,
    "campaign": "BackToSchool",
    "channel": "Reddit",
    "region": "Europe",
    "date": "2025-12-03",
    "clicks": 6727,
    "impressions": 912650,
    "conversions": 141,
    "spend": 6857.25,
    "revenue": 10371.13
  },
  {
    "id": 545,
    "campaign": "NewYearDeal",
    "channel": "Reddit",
    "region": "Australia",
    "date": "2025-11-04",
    "clicks": 26808,
    "impressions": 770772,
    "conversions": 279,
    "spend": 1304.47,
    "revenue": 36082.47
  },
  {
    "id": 546,
    "campaign": "BlackFriday",
    "channel": "Instagram",
    "region": "Asia",
    "date": "2025-04-10",
    "clicks": 8482,
    "impressions": 915293,
    "conversions": 117,
    "spend": 11794.64,
    "revenue": 12686.05
  },
  {
    "id": 547,
    "campaign": "NewYearDeal",
    "channel": "Reddit",
    "region": "Australia",
    "date": "2025-10-19",
    "clicks": 11375,
    "impressions": 586375,
    "conversions": 1826,
    "spend": 671.95,
    "revenue": 38955.45
  },
  {
    "id": 548,
    "campaign": "WinterPromo",
    "channel": "LinkedIn",
    "region": "Asia",
    "date": "2025-05-01",
    "clicks": 908,
    "impressions": 709617,
    "conversions": 186,
    "spend": 3683.99,
    "revenue": 26171.07
  },
  {
    "id": 549,
    "campaign": "WinterPromo",
    "channel": "Snapchat",
    "region": "South America",
    "date": "2025-10-27",
    "clicks": 5615,
    "impressions": 174512,
    "conversions": 1191,
    "spend": 7726.65,
    "revenue": 47463.55
  },
  {
    "id": 550,
    "campaign": "BackToSchool",
    "channel": "YouTube",
    "region": "Australia",
    "date": "2025-07-18",
    "clicks": 4568,
    "impressions": 493738,
    "conversions": 446,
    "spend": 14128.22,
    "revenue": 40573.37
  },
  {
    "id": 551,
    "campaign": "CyberMonday",
    "channel": "Google",
    "region": "North America",
    "date": "2025-08-13",
    "clicks": 18473,
    "impressions": 234847,
    "conversions": 1260,
    "spend": 4327.61,
    "revenue": 24738.62
  },
  {
    "id": 552,
    "campaign": "BlackFriday",
    "channel": "TikTok",
    "region": "Australia",
    "date": "2025-05-20",
    "clicks": 19865,
    "impressions": 27156,
    "conversions": 1769,
    "spend": 7406.13,
    "revenue": 46808.87
  },
  {
    "id": 553,
    "campaign": "CyberMonday",
    "channel": "Twitter",
    "region": "Europe",
    "date": "2025-06-08",
    "clicks": 11443,
    "impressions": 170861,
    "conversions": 533,
    "spend": 13621.32,
    "revenue": 10247.0
  },
  {
    "id": 554,
    "campaign": "BackToSchool",
    "channel": "Google",
    "region": "South America",
    "date": "2025-07-02",
    "clicks": 32543,
    "impressions": 958281,
    "conversions": 1731,
    "spend": 12616.44,
    "revenue": 23602.03
  },
  {
    "id": 555,
    "campaign": "SummerSale",
    "channel": "Reddit",
    "region": "North America",
    "date": "2025-07-17",
    "clicks": 44604,
    "impressions": 44751,
    "conversions": 1908,
    "spend": 9401.27,
    "revenue": 27352.45
  },
  {
    "id": 556,
    "campaign": "SummerSale",
    "channel": "Facebook",
    "region": "Asia",
    "date": "2025-12-07",
    "clicks": 13676,
    "impressions": 263762,
    "conversions": 1098,
    "spend": 720.47,
    "revenue": 41284.75
  },
  {
    "id": 557,
    "campaign": "BackToSchool",
    "channel": "TikTok",
    "region": "Asia",
    "date": "2025-12-20",
    "clicks": 46233,
    "impressions": 398520,
    "conversions": 1671,
    "spend": 14569.63,
    "revenue": 21934.23
  },
  {
    "id": 558,
    "campaign": "NewYearDeal",
    "channel": "Reddit",
    "region": "South America",
    "date": "2025-08-07",
    "clicks": 19999,
    "impressions": 786414,
    "conversions": 1122,
    "spend": 5883.54,
    "revenue": 4160.65
  },
  {
    "id": 559,
    "campaign": "SummerSale",
    "channel": "Reddit",
    "region": "Europe",
    "date": "2025-03-08",
    "clicks": 4886,
    "impressions": 796508,
    "conversions": 1926,
    "spend": 9648.69,
    "revenue": 46951.82
  },
  {
    "id": 560,
    "campaign": "NewYearDeal",
    "channel": "Reddit",
    "region": "South America",
    "date": "2025-04-12",
    "clicks": 35098,
    "impressions": 525530,
    "conversions": 1761,
    "spend": 12931.88,
    "revenue": 10667.67
  },
  {
    "id": 561,
    "campaign": "CyberMonday",
    "channel": "LinkedIn",
    "region": "Australia",
    "date": "2025-10-26",
    "clicks": 46554,
    "impressions": 626795,
    "conversions": 1313,
    "spend": 2479.0,
    "revenue": 1167.94
  },
  {
    "id": 562,
    "campaign": "CyberMonday",
    "channel": "LinkedIn",
    "region": "Europe",
    "date": "2025-10-13",
    "clicks": 20013,
    "impressions": 966084,
    "conversions": 824,
    "spend": 14649.36,
    "revenue": 49837.24
  },
  {
    "id": 563,
    "campaign": "BlackFriday",
    "channel": "YouTube",
    "region": "Australia",
    "date": "2025-07-04",
    "clicks": 5162,
    "impressions": 671271,
    "conversions": 1996,
    "spend": 4966.38,
    "revenue": 47869.04
  },
  {
    "id": 564,
    "campaign": "BlackFriday",
    "channel": "YouTube",
    "region": "South America",
    "date": "2025-11-20",
    "clicks": 30453,
    "impressions": 570603,
    "conversions": 1500,
    "spend": 13630.4,
    "revenue": 3163.47
  },
  {
    "id": 565,
    "campaign": "BackToSchool",
    "channel": "Pinterest",
    "region": "South America",
    "date": "2025-08-18",
    "clicks": 7298,
    "impressions": 797454,
    "conversions": 240,
    "spend": 8902.3,
    "revenue": 34449.31
  },
  {
    "id": 566,
    "campaign": "CyberMonday",
    "channel": "Instagram",
    "region": "North America",
    "date": "2025-03-06",
    "clicks": 15519,
    "impressions": 839760,
    "conversions": 1186,
    "spend": 1072.52,
    "revenue": 11099.53
  },
  {
    "id": 567,
    "campaign": "WinterPromo",
    "channel": "Google",
    "region": "Europe",
    "date": "2025-04-15",
    "clicks": 38658,
    "impressions": 307349,
    "conversions": 1657,
    "spend": 1578.27,
    "revenue": 34046.98
  },
  {
    "id": 568,
    "campaign": "CyberMonday",
    "channel": "TikTok",
    "region": "Europe",
    "date": "2025-12-10",
    "clicks": 47454,
    "impressions": 698062,
    "conversions": 1584,
    "spend": 5370.05,
    "revenue": 21149.75
  },
  {
    "id": 569,
    "campaign": "BlackFriday",
    "channel": "Twitter",
    "region": "North America",
    "date": "2025-05-20",
    "clicks": 49585,
    "impressions": 50026,
    "conversions": 675,
    "spend": 8268.0,
    "revenue": 5617.3
  },
  {
    "id": 570,
    "campaign": "WinterPromo",
    "channel": "Google",
    "region": "North America",
    "date": "2025-09-01",
    "clicks": 30329,
    "impressions": 938832,
    "conversions": 249,
    "spend": 9476.15,
    "revenue": 43916.03
  },
  {
    "id": 571,
    "campaign": "CyberMonday",
    "channel": "Facebook",
    "region": "Asia",
    "date": "2025-11-18",
    "clicks": 16243,
    "impressions": 83965,
    "conversions": 1145,
    "spend": 9753.21,
    "revenue": 9022.03
  },
  {
    "id": 572,
    "campaign": "BackToSchool",
    "channel": "Instagram",
    "region": "Asia",
    "date": "2025-11-05",
    "clicks": 1757,
    "impressions": 193912,
    "conversions": 1855,
    "spend": 6498.23,
    "revenue": 16977.03
  },
  {
    "id": 573,
    "campaign": "BackToSchool",
    "channel": "Google",
    "region": "South America",
    "date": "2025-05-25",
    "clicks": 1676,
    "impressions": 56196,
    "conversions": 1849,
    "spend": 4562.58,
    "revenue": 40889.47
  },
  {
    "id": 574,
    "campaign": "BackToSchool",
    "channel": "YouTube",
    "region": "Australia",
    "date": "2025-12-12",
    "clicks": 39502,
    "impressions": 198092,
    "conversions": 1556,
    "spend": 13642.96,
    "revenue": 17242.26
  },
  {
    "id": 575,
    "campaign": "CyberMonday",
    "channel": "Google",
    "region": "Europe",
    "date": "2025-07-13",
    "clicks": 1946,
    "impressions": 302783,
    "conversions": 509,
    "spend": 2787.45,
    "revenue": 2370.86
  },
  {
    "id": 576,
    "campaign": "WinterPromo",
    "channel": "Pinterest",
    "region": "South America",
    "date": "2025-12-08",
    "clicks": 23641,
    "impressions": 188126,
    "conversions": 138,
    "spend": 8067.97,
    "revenue": 48179.45
  },
  {
    "id": 577,
    "campaign": "BlackFriday",
    "channel": "Reddit",
    "region": "South America",
    "date": "2025-11-02",
    "clicks": 13716,
    "impressions": 661556,
    "conversions": 1494,
    "spend": 11487.22,
    "revenue": 35062.16
  },
  {
    "id": 578,
    "campaign": "NewYearDeal",
    "channel": "LinkedIn",
    "region": "Europe",
    "date": "2025-03-14",
    "clicks": 48765,
    "impressions": 878988,
    "conversions": 1805,
    "spend": 13410.54,
    "revenue": 32280.33
  },
  {
    "id": 579,
    "campaign": "NewYearDeal",
    "channel": "TikTok",
    "region": "North America",
    "date": "2025-06-01",
    "clicks": 12092,
    "impressions": 845826,
    "conversions": 1082,
    "spend": 8104.55,
    "revenue": 41973.16
  },
  {
    "id": 580,
    "campaign": "BackToSchool",
    "channel": "Reddit",
    "region": "Asia",
    "date": "2025-08-24",
    "clicks": 13230,
    "impressions": 720285,
    "conversions": 1687,
    "spend": 8041.67,
    "revenue": 23558.74
  },
  {
    "id": 581,
    "campaign": "BlackFriday",
    "channel": "Pinterest",
    "region": "South America",
    "date": "2025-08-10",
    "clicks": 43684,
    "impressions": 559751,
    "conversions": 322,
    "spend": 6453.17,
    "revenue": 21622.95
  },
  {
    "id": 582,
    "campaign": "BlackFriday",
    "channel": "Snapchat",
    "region": "Asia",
    "date": "2025-02-22",
    "clicks": 14048,
    "impressions": 557865,
    "conversions": 1549,
    "spend": 2591.82,
    "revenue": 37410.16
  },
  {
    "id": 583,
    "campaign": "BlackFriday",
    "channel": "TikTok",
    "region": "Europe",
    "date": "2025-04-26",
    "clicks": 47686,
    "impressions": 141184,
    "conversions": 707,
    "spend": 4815.28,
    "revenue": 31841.34
  },
  {
    "id": 584,
    "campaign": "SummerSale",
    "channel": "Twitter",
    "region": "Asia",
    "date": "2025-12-10",
    "clicks": 33570,
    "impressions": 720272,
    "conversions": 950,
    "spend": 4103.91,
    "revenue": 6648.43
  },
  {
    "id": 585,
    "campaign": "NewYearDeal",
    "channel": "Twitter",
    "region": "North America",
    "date": "2025-10-22",
    "clicks": 17926,
    "impressions": 316020,
    "conversions": 830,
    "spend": 9384.46,
    "revenue": 40713.28
  },
  {
    "id": 586,
    "campaign": "WinterPromo",
    "channel": "Snapchat",
    "region": "Australia",
    "date": "2025-12-03",
    "clicks": 35623,
    "impressions": 529768,
    "conversions": 1473,
    "spend": 10997.09,
    "revenue": 14328.89
  },
  {
    "id": 587,
    "campaign": "BackToSchool",
    "channel": "TikTok",
    "region": "Europe",
    "date": "2025-11-03",
    "clicks": 40945,
    "impressions": 563509,
    "conversions": 1531,
    "spend": 1886.55,
    "revenue": 13872.59
  },
  {
    "id": 588,
    "campaign": "BackToSchool",
    "channel": "YouTube",
    "region": "North America",
    "date": "2025-09-08",
    "clicks": 3847,
    "impressions": 661106,
    "conversions": 1128,
    "spend": 8086.36,
    "revenue": 34010.32
  },
  {
    "id": 589,
    "campaign": "CyberMonday",
    "channel": "Google",
    "region": "Asia",
    "date": "2025-04-14",
    "clicks": 32810,
    "impressions": 847213,
    "conversions": 51,
    "spend": 6557.66,
    "revenue": 22657.1
  },
  {
    "id": 590,
    "campaign": "NewYearDeal",
    "channel": "YouTube",
    "region": "Europe",
    "date": "2025-01-24",
    "clicks": 44287,
    "impressions": 625033,
    "conversions": 1149,
    "spend": 5006.9,
    "revenue": 42309.26
  },
  {
    "id": 591,
    "campaign": "CyberMonday",
    "channel": "Twitter",
    "region": "Australia",
    "date": "2025-01-23",
    "clicks": 1863,
    "impressions": 222579,
    "conversions": 371,
    "spend": 157.63,
    "revenue": 19683.13
  },
  {
    "id": 592,
    "campaign": "SummerSale",
    "channel": "TikTok",
    "region": "South America",
    "date": "2025-04-13",
    "clicks": 29529,
    "impressions": 463695,
    "conversions": 1868,
    "spend": 9852.49,
    "revenue": 47721.04
  },
  {
    "id": 593,
    "campaign": "CyberMonday",
    "channel": "LinkedIn",
    "region": "Asia",
    "date": "2025-01-25",
    "clicks": 33373,
    "impressions": 346665,
    "conversions": 1733,
    "spend": 12821.34,
    "revenue": 35599.59
  },
  {
    "id": 594,
    "campaign": "SummerSale",
    "channel": "Facebook",
    "region": "Australia",
    "date": "2025-12-04",
    "clicks": 3294,
    "impressions": 602127,
    "conversions": 515,
    "spend": 856.47,
    "revenue": 46748.54
  },
  {
    "id": 595,
    "campaign": "SummerSale",
    "channel": "TikTok",
    "region": "South America",
    "date": "2025-06-25",
    "clicks": 42663,
    "impressions": 43774,
    "conversions": 1328,
    "spend": 10980.62,
    "revenue": 9882.2
  },
  {
    "id": 596,
    "campaign": "BackToSchool",
    "channel": "LinkedIn",
    "region": "South America",
    "date": "2025-11-21",
    "clicks": 49011,
    "impressions": 72880,
    "conversions": 1207,
    "spend": 535.65,
    "revenue": 49664.79
  },
  {
    "id": 597,
    "campaign": "BackToSchool",
    "channel": "Reddit",
    "region": "South America",
    "date": "2025-03-12",
    "clicks": 45071,
    "impressions": 532467,
    "conversions": 473,
    "spend": 2425.38,
    "revenue": 8855.92
  },
  {
    "id": 598,
    "campaign": "CyberMonday",
    "channel": "Google",
    "region": "Europe",
    "date": "2025-10-26",
    "clicks": 27680,
    "impressions": 153352,
    "conversions": 1134,
    "spend": 10487.57,
    "revenue": 46960.5
  },
  {
    "id": 599,
    "campaign": "BackToSchool",
    "channel": "TikTok",
    "region": "Australia",
    "date": "2025-02-03",
    "clicks": 22819,
    "impressions": 769238,
    "conversions": 1607,
    "spend": 1886.23,
    "revenue": 36692.77
  },
  {
    "id": 600,
    "campaign": "BackToSchool",
    "channel": "Twitter",
    "region": "South America",
    "date": "2025-12-14",
    "clicks": 46121,
    "impressions": 614081,
    "conversions": 1124,
    "spend": 11957.17,
    "revenue": 34899.75
  },
  {
    "id": 601,
    "campaign": "NewYearDeal",
    "channel": "Twitter",
    "region": "South America",
    "date": "2025-01-03",
    "clicks": 29431,
    "impressions": 804440,
    "conversions": 839,
    "spend": 7973.03,
    "revenue": 39971.77
  },
  {
    "id": 602,
    "campaign": "CyberMonday",
    "channel": "Facebook",
    "region": "North America",
    "date": "2025-08-25",
    "clicks": 30480,
    "impressions": 754983,
    "conversions": 748,
    "spend": 11891.12,
    "revenue": 9570.89
  },
  {
    "id": 603,
    "campaign": "NewYearDeal",
    "channel": "Snapchat",
    "region": "Europe",
    "date": "2025-08-08",
    "clicks": 13592,
    "impressions": 682124,
    "conversions": 60,
    "spend": 7815.66,
    "revenue": 20081.57
  },
  {
    "id": 604,
    "campaign": "CyberMonday",
    "channel": "Google",
    "region": "North America",
    "date": "2025-05-28",
    "clicks": 44405,
    "impressions": 908138,
    "conversions": 427,
    "spend": 13904.0,
    "revenue": 30497.13
  },
  {
    "id": 605,
    "campaign": "SummerSale",
    "channel": "LinkedIn",
    "region": "South America",
    "date": "2025-11-05",
    "clicks": 38839,
    "impressions": 378508,
    "conversions": 1549,
    "spend": 1634.58,
    "revenue": 28381.71
  },
  {
    "id": 606,
    "campaign": "WinterPromo",
    "channel": "Snapchat",
    "region": "South America",
    "date": "2025-12-23",
    "clicks": 16036,
    "impressions": 107558,
    "conversions": 1769,
    "spend": 4721.37,
    "revenue": 1010.04
  },
  {
    "id": 607,
    "campaign": "WinterPromo",
    "channel": "Pinterest",
    "region": "Europe",
    "date": "2025-09-10",
    "clicks": 15758,
    "impressions": 391083,
    "conversions": 1042,
    "spend": 11610.0,
    "revenue": 9921.1
  },
  {
    "id": 608,
    "campaign": "BlackFriday",
    "channel": "Facebook",
    "region": "Europe",
    "date": "2025-05-26",
    "clicks": 27535,
    "impressions": 202511,
    "conversions": 1067,
    "spend": 6651.31,
    "revenue": 33536.64
  },
  {
    "id": 609,
    "campaign": "SummerSale",
    "channel": "Pinterest",
    "region": "Europe",
    "date": "2025-08-06",
    "clicks": 30649,
    "impressions": 679374,
    "conversions": 1611,
    "spend": 4330.79,
    "revenue": 17437.62
  },
  {
    "id": 610,
    "campaign": "BackToSchool",
    "channel": "YouTube",
    "region": "North America",
    "date": "2025-02-27",
    "clicks": 17748,
    "impressions": 894704,
    "conversions": 1456,
    "spend": 7560.47,
    "revenue": 43965.97
  },
  {
    "id": 611,
    "campaign": "NewYearDeal",
    "channel": "LinkedIn",
    "region": "Europe",
    "date": "2025-03-20",
    "clicks": 45136,
    "impressions": 37264,
    "conversions": 430,
    "spend": 516.81,
    "revenue": 34784.76
  },
  {
    "id": 612,
    "campaign": "SummerSale",
    "channel": "Pinterest",
    "region": "Australia",
    "date": "2025-11-06",
    "clicks": 1834,
    "impressions": 120532,
    "conversions": 503,
    "spend": 4378.29,
    "revenue": 27467.79
  },
  {
    "id": 613,
    "campaign": "WinterPromo",
    "channel": "Reddit",
    "region": "Australia",
    "date": "2025-10-02",
    "clicks": 31786,
    "impressions": 434141,
    "conversions": 802,
    "spend": 3732.66,
    "revenue": 4758.6
  },
  {
    "id": 614,
    "campaign": "SummerSale",
    "channel": "Instagram",
    "region": "Asia",
    "date": "2025-09-08",
    "clicks": 38074,
    "impressions": 451474,
    "conversions": 980,
    "spend": 5067.05,
    "revenue": 43127.34
  },
  {
    "id": 615,
    "campaign": "SummerSale",
    "channel": "YouTube",
    "region": "Europe",
    "date": "2025-03-27",
    "clicks": 23140,
    "impressions": 368289,
    "conversions": 1458,
    "spend": 8482.97,
    "revenue": 37988.93
  },
  {
    "id": 616,
    "campaign": "BackToSchool",
    "channel": "Instagram",
    "region": "Australia",
    "date": "2025-05-05",
    "clicks": 45823,
    "impressions": 51571,
    "conversions": 1696,
    "spend": 12821.47,
    "revenue": 15353.4
  },
  {
    "id": 617,
    "campaign": "NewYearDeal",
    "channel": "LinkedIn",
    "region": "Asia",
    "date": "2025-06-03",
    "clicks": 41304,
    "impressions": 593530,
    "conversions": 1521,
    "spend": 8895.69,
    "revenue": 48254.56
  },
  {
    "id": 618,
    "campaign": "WinterPromo",
    "channel": "Reddit",
    "region": "South America",
    "date": "2025-11-14",
    "clicks": 44054,
    "impressions": 62855,
    "conversions": 442,
    "spend": 9961.54,
    "revenue": 18280.55
  },
  {
    "id": 619,
    "campaign": "BackToSchool",
    "channel": "TikTok",
    "region": "North America",
    "date": "2025-08-01",
    "clicks": 27100,
    "impressions": 279119,
    "conversions": 242,
    "spend": 578.97,
    "revenue": 20469.15
  },
  {
    "id": 620,
    "campaign": "CyberMonday",
    "channel": "LinkedIn",
    "region": "Europe",
    "date": "2025-03-19",
    "clicks": 8431,
    "impressions": 584624,
    "conversions": 1867,
    "spend": 14532.24,
    "revenue": 30425.94
  },
  {
    "id": 621,
    "campaign": "BackToSchool",
    "channel": "LinkedIn",
    "region": "Europe",
    "date": "2025-02-20",
    "clicks": 20895,
    "impressions": 230569,
    "conversions": 905,
    "spend": 14687.75,
    "revenue": 43892.64
  },
  {
    "id": 622,
    "campaign": "SummerSale",
    "channel": "Pinterest",
    "region": "Asia",
    "date": "2025-09-09",
    "clicks": 3982,
    "impressions": 13244,
    "conversions": 1743,
    "spend": 5770.17,
    "revenue": 35364.04
  },
  {
    "id": 623,
    "campaign": "WinterPromo",
    "channel": "YouTube",
    "region": "Europe",
    "date": "2025-11-11",
    "clicks": 1307,
    "impressions": 523028,
    "conversions": 66,
    "spend": 6230.76,
    "revenue": 25461.96
  },
  {
    "id": 624,
    "campaign": "NewYearDeal",
    "channel": "Google",
    "region": "North America",
    "date": "2025-03-20",
    "clicks": 33122,
    "impressions": 460828,
    "conversions": 1871,
    "spend": 7482.71,
    "revenue": 10518.86
  },
  {
    "id": 625,
    "campaign": "CyberMonday",
    "channel": "YouTube",
    "region": "South America",
    "date": "2025-03-06",
    "clicks": 20419,
    "impressions": 194598,
    "conversions": 117,
    "spend": 8978.2,
    "revenue": 9032.15
  },
  {
    "id": 626,
    "campaign": "NewYearDeal",
    "channel": "Facebook",
    "region": "North America",
    "date": "2025-07-06",
    "clicks": 14282,
    "impressions": 794301,
    "conversions": 1754,
    "spend": 3942.58,
    "revenue": 42015.11
  },
  {
    "id": 627,
    "campaign": "BackToSchool",
    "channel": "Snapchat",
    "region": "South America",
    "date": "2025-09-11",
    "clicks": 25542,
    "impressions": 911952,
    "conversions": 1664,
    "spend": 7311.05,
    "revenue": 41164.29
  },
  {
    "id": 628,
    "campaign": "BackToSchool",
    "channel": "TikTok",
    "region": "South America",
    "date": "2025-04-21",
    "clicks": 35309,
    "impressions": 441025,
    "conversions": 476,
    "spend": 1954.72,
    "revenue": 26836.92
  },
  {
    "id": 629,
    "campaign": "WinterPromo",
    "channel": "TikTok",
    "region": "South America",
    "date": "2025-11-24",
    "clicks": 8669,
    "impressions": 938865,
    "conversions": 553,
    "spend": 9289.85,
    "revenue": 23361.68
  },
  {
    "id": 630,
    "campaign": "BlackFriday",
    "channel": "TikTok",
    "region": "South America",
    "date": "2025-06-22",
    "clicks": 35548,
    "impressions": 157744,
    "conversions": 47,
    "spend": 7035.07,
    "revenue": 15229.66
  },
  {
    "id": 631,
    "campaign": "NewYearDeal",
    "channel": "LinkedIn",
    "region": "North America",
    "date": "2025-04-09",
    "clicks": 46137,
    "impressions": 183863,
    "conversions": 612,
    "spend": 6256.73,
    "revenue": 27443.25
  },
  {
    "id": 632,
    "campaign": "BlackFriday",
    "channel": "Twitter",
    "region": "South America",
    "date": "2025-06-14",
    "clicks": 25163,
    "impressions": 423064,
    "conversions": 385,
    "spend": 12224.68,
    "revenue": 21429.19
  },
  {
    "id": 633,
    "campaign": "BlackFriday",
    "channel": "Reddit",
    "region": "North America",
    "date": "2025-04-09",
    "clicks": 27082,
    "impressions": 231637,
    "conversions": 1517,
    "spend": 1982.49,
    "revenue": 36604.61
  },
  {
    "id": 634,
    "campaign": "BackToSchool",
    "channel": "TikTok",
    "region": "South America",
    "date": "2025-12-17",
    "clicks": 932,
    "impressions": 656774,
    "conversions": 1934,
    "spend": 13411.12,
    "revenue": 12907.78
  },
  {
    "id": 635,
    "campaign": "NewYearDeal",
    "channel": "Pinterest",
    "region": "Australia",
    "date": "2025-12-13",
    "clicks": 18334,
    "impressions": 782443,
    "conversions": 350,
    "spend": 12388.18,
    "revenue": 20355.94
  },
  {
    "id": 636,
    "campaign": "CyberMonday",
    "channel": "TikTok",
    "region": "South America",
    "date": "2025-01-27",
    "clicks": 2458,
    "impressions": 520803,
    "conversions": 1286,
    "spend": 11720.39,
    "revenue": 35759.2
  },
  {
    "id": 637,
    "campaign": "NewYearDeal",
    "channel": "Twitter",
    "region": "Australia",
    "date": "2025-02-21",
    "clicks": 39617,
    "impressions": 97223,
    "conversions": 747,
    "spend": 6983.62,
    "revenue": 40662.66
  },
  {
    "id": 638,
    "campaign": "CyberMonday",
    "channel": "LinkedIn",
    "region": "Australia",
    "date": "2025-02-05",
    "clicks": 38982,
    "impressions": 852309,
    "conversions": 1472,
    "spend": 8623.02,
    "revenue": 34145.44
  },
  {
    "id": 639,
    "campaign": "SummerSale",
    "channel": "Twitter",
    "region": "South America",
    "date": "2025-05-27",
    "clicks": 36591,
    "impressions": 666222,
    "conversions": 864,
    "spend": 823.92,
    "revenue": 4547.36
  },
  {
    "id": 640,
    "campaign": "BlackFriday",
    "channel": "Facebook",
    "region": "Australia",
    "date": "2025-03-05",
    "clicks": 30425,
    "impressions": 65704,
    "conversions": 266,
    "spend": 6771.8,
    "revenue": 47900.68
  },
  {
    "id": 641,
    "campaign": "BackToSchool",
    "channel": "LinkedIn",
    "region": "Europe",
    "date": "2025-10-15",
    "clicks": 1022,
    "impressions": 105678,
    "conversions": 897,
    "spend": 13550.5,
    "revenue": 6527.59
  },
  {
    "id": 642,
    "campaign": "NewYearDeal",
    "channel": "Google",
    "region": "Europe",
    "date": "2025-10-21",
    "clicks": 722,
    "impressions": 920877,
    "conversions": 1436,
    "spend": 4405.88,
    "revenue": 23666.15
  },
  {
    "id": 643,
    "campaign": "CyberMonday",
    "channel": "Snapchat",
    "region": "Asia",
    "date": "2025-01-26",
    "clicks": 37828,
    "impressions": 122034,
    "conversions": 551,
    "spend": 7342.07,
    "revenue": 2292.95
  },
  {
    "id": 644,
    "campaign": "NewYearDeal",
    "channel": "Reddit",
    "region": "Asia",
    "date": "2025-05-15",
    "clicks": 21564,
    "impressions": 475467,
    "conversions": 1166,
    "spend": 5983.74,
    "revenue": 4252.48
  },
  {
    "id": 645,
    "campaign": "NewYearDeal",
    "channel": "YouTube",
    "region": "Asia",
    "date": "2025-01-07",
    "clicks": 17463,
    "impressions": 950614,
    "conversions": 1488,
    "spend": 7303.29,
    "revenue": 41634.18
  },
  {
    "id": 646,
    "campaign": "CyberMonday",
    "channel": "Snapchat",
    "region": "Australia",
    "date": "2025-10-01",
    "clicks": 47697,
    "impressions": 851354,
    "conversions": 1245,
    "spend": 14494.59,
    "revenue": 37912.61
  },
  {
    "id": 647,
    "campaign": "NewYearDeal",
    "channel": "LinkedIn",
    "region": "North America",
    "date": "2025-01-15",
    "clicks": 47764,
    "impressions": 995058,
    "conversions": 420,
    "spend": 14117.58,
    "revenue": 29760.47
  },
  {
    "id": 648,
    "campaign": "NewYearDeal",
    "channel": "Pinterest",
    "region": "Europe",
    "date": "2025-01-17",
    "clicks": 8687,
    "impressions": 601697,
    "conversions": 1054,
    "spend": 14825.78,
    "revenue": 31948.89
  },
  {
    "id": 649,
    "campaign": "WinterPromo",
    "channel": "Pinterest",
    "region": "Europe",
    "date": "2025-11-22",
    "clicks": 34731,
    "impressions": 823077,
    "conversions": 1790,
    "spend": 1047.92,
    "revenue": 10428.04
  },
  {
    "id": 650,
    "campaign": "WinterPromo",
    "channel": "Google",
    "region": "Europe",
    "date": "2025-06-03",
    "clicks": 14700,
    "impressions": 624447,
    "conversions": 1995,
    "spend": 4317.87,
    "revenue": 22517.99
  },
  {
    "id": 651,
    "campaign": "NewYearDeal",
    "channel": "Snapchat",
    "region": "Australia",
    "date": "2025-07-10",
    "clicks": 31967,
    "impressions": 904964,
    "conversions": 32,
    "spend": 12320.74,
    "revenue": 6164.71
  },
  {
    "id": 652,
    "campaign": "WinterPromo",
    "channel": "TikTok",
    "region": "Europe",
    "date": "2025-10-15",
    "clicks": 8090,
    "impressions": 444200,
    "conversions": 1899,
    "spend": 13465.51,
    "revenue": 4990.77
  },
  {
    "id": 653,
    "campaign": "WinterPromo",
    "channel": "Instagram",
    "region": "Europe",
    "date": "2025-12-06",
    "clicks": 28963,
    "impressions": 429536,
    "conversions": 1918,
    "spend": 6660.25,
    "revenue": 21220.03
  },
  {
    "id": 654,
    "campaign": "WinterPromo",
    "channel": "Instagram",
    "region": "North America",
    "date": "2025-01-13",
    "clicks": 28122,
    "impressions": 731558,
    "conversions": 147,
    "spend": 9590.77,
    "revenue": 24018.13
  },
  {
    "id": 655,
    "campaign": "SummerSale",
    "channel": "Reddit",
    "region": "Europe",
    "date": "2025-06-25",
    "clicks": 34233,
    "impressions": 32070,
    "conversions": 415,
    "spend": 13051.27,
    "revenue": 33031.96
  },
  {
    "id": 656,
    "campaign": "BackToSchool",
    "channel": "LinkedIn",
    "region": "Europe",
    "date": "2025-11-04",
    "clicks": 3261,
    "impressions": 769595,
    "conversions": 482,
    "spend": 2735.22,
    "revenue": 17501.14
  },
  {
    "id": 657,
    "campaign": "SummerSale",
    "channel": "Google",
    "region": "South America",
    "date": "2025-08-11",
    "clicks": 22992,
    "impressions": 852718,
    "conversions": 215,
    "spend": 11094.12,
    "revenue": 30062.92
  },
  {
    "id": 658,
    "campaign": "BlackFriday",
    "channel": "Reddit",
    "region": "South America",
    "date": "2025-06-04",
    "clicks": 40633,
    "impressions": 567469,
    "conversions": 1682,
    "spend": 9859.74,
    "revenue": 44206.53
  },
  {
    "id": 659,
    "campaign": "CyberMonday",
    "channel": "TikTok",
    "region": "Europe",
    "date": "2025-01-26",
    "clicks": 10094,
    "impressions": 946382,
    "conversions": 630,
    "spend": 9187.18,
    "revenue": 26527.72
  },
  {
    "id": 660,
    "campaign": "WinterPromo",
    "channel": "Reddit",
    "region": "Australia",
    "date": "2025-04-11",
    "clicks": 31768,
    "impressions": 315844,
    "conversions": 475,
    "spend": 13817.03,
    "revenue": 33899.42
  },
  {
    "id": 661,
    "campaign": "BackToSchool",
    "channel": "Facebook",
    "region": "North America",
    "date": "2025-10-23",
    "clicks": 47000,
    "impressions": 189676,
    "conversions": 884,
    "spend": 6145.77,
    "revenue": 12515.14
  },
  {
    "id": 662,
    "campaign": "NewYearDeal",
    "channel": "Reddit",
    "region": "South America",
    "date": "2025-06-13",
    "clicks": 36051,
    "impressions": 627194,
    "conversions": 1525,
    "spend": 9138.67,
    "revenue": 32981.11
  },
  {
    "id": 663,
    "campaign": "BackToSchool",
    "channel": "TikTok",
    "region": "North America",
    "date": "2025-08-01",
    "clicks": 16560,
    "impressions": 952401,
    "conversions": 259,
    "spend": 7112.61,
    "revenue": 47427.44
  },
  {
    "id": 664,
    "campaign": "NewYearDeal",
    "channel": "TikTok",
    "region": "Europe",
    "date": "2025-03-18",
    "clicks": 42967,
    "impressions": 245987,
    "conversions": 1102,
    "spend": 11953.34,
    "revenue": 20253.3
  },
  {
    "id": 665,
    "campaign": "SummerSale",
    "channel": "Facebook",
    "region": "North America",
    "date": "2025-03-08",
    "clicks": 48474,
    "impressions": 865584,
    "conversions": 1078,
    "spend": 1771.04,
    "revenue": 8983.61
  },
  {
    "id": 666,
    "campaign": "BackToSchool",
    "channel": "LinkedIn",
    "region": "South America",
    "date": "2025-07-18",
    "clicks": 46641,
    "impressions": 621687,
    "conversions": 288,
    "spend": 11002.06,
    "revenue": 23679.66
  },
  {
    "id": 667,
    "campaign": "BlackFriday",
    "channel": "Snapchat",
    "region": "Europe",
    "date": "2025-06-12",
    "clicks": 31800,
    "impressions": 675107,
    "conversions": 1281,
    "spend": 12776.2,
    "revenue": 19154.38
  },
  {
    "id": 668,
    "campaign": "NewYearDeal",
    "channel": "Reddit",
    "region": "North America",
    "date": "2025-11-11",
    "clicks": 16717,
    "impressions": 214790,
    "conversions": 900,
    "spend": 13655.76,
    "revenue": 5716.35
  },
  {
    "id": 669,
    "campaign": "NewYearDeal",
    "channel": "Reddit",
    "region": "South America",
    "date": "2025-03-13",
    "clicks": 26238,
    "impressions": 363724,
    "conversions": 170,
    "spend": 5746.78,
    "revenue": 38900.68
  },
  {
    "id": 670,
    "campaign": "WinterPromo",
    "channel": "Google",
    "region": "South America",
    "date": "2025-11-03",
    "clicks": 26024,
    "impressions": 435828,
    "conversions": 1691,
    "spend": 5339.95,
    "revenue": 23329.23
  },
  {
    "id": 671,
    "campaign": "CyberMonday",
    "channel": "YouTube",
    "region": "Europe",
    "date": "2025-11-25",
    "clicks": 11481,
    "impressions": 576230,
    "conversions": 1216,
    "spend": 4965.85,
    "revenue": 45074.78
  },
  {
    "id": 672,
    "campaign": "SummerSale",
    "channel": "Instagram",
    "region": "Asia",
    "date": "2025-08-19",
    "clicks": 48329,
    "impressions": 627279,
    "conversions": 1664,
    "spend": 8688.94,
    "revenue": 49099.71
  },
  {
    "id": 673,
    "campaign": "WinterPromo",
    "channel": "Pinterest",
    "region": "South America",
    "date": "2025-11-09",
    "clicks": 3181,
    "impressions": 512578,
    "conversions": 865,
    "spend": 9185.99,
    "revenue": 46814.63
  },
  {
    "id": 674,
    "campaign": "BackToSchool",
    "channel": "YouTube",
    "region": "Australia",
    "date": "2025-09-10",
    "clicks": 22370,
    "impressions": 31545,
    "conversions": 111,
    "spend": 6125.03,
    "revenue": 28731.61
  },
  {
    "id": 675,
    "campaign": "CyberMonday",
    "channel": "Facebook",
    "region": "Europe",
    "date": "2025-07-21",
    "clicks": 45779,
    "impressions": 69804,
    "conversions": 483,
    "spend": 9070.17,
    "revenue": 34287.68
  },
  {
    "id": 676,
    "campaign": "BlackFriday",
    "channel": "Pinterest",
    "region": "North America",
    "date": "2025-08-11",
    "clicks": 45482,
    "impressions": 275456,
    "conversions": 334,
    "spend": 1130.72,
    "revenue": 22108.75
  },
  {
    "id": 677,
    "campaign": "NewYearDeal",
    "channel": "Reddit",
    "region": "Europe",
    "date": "2025-04-08",
    "clicks": 14117,
    "impressions": 870053,
    "conversions": 1335,
    "spend": 4884.88,
    "revenue": 4477.5
  },
  {
    "id": 678,
    "campaign": "BlackFriday",
    "channel": "Instagram",
    "region": "Australia",
    "date": "2025-01-08",
    "clicks": 32345,
    "impressions": 683302,
    "conversions": 1186,
    "spend": 13828.94,
    "revenue": 19045.33
  },
  {
    "id": 679,
    "campaign": "NewYearDeal",
    "channel": "Instagram",
    "region": "North America",
    "date": "2025-02-16",
    "clicks": 8595,
    "impressions": 269809,
    "conversions": 884,
    "spend": 4707.37,
    "revenue": 16762.53
  },
  {
    "id": 680,
    "campaign": "CyberMonday",
    "channel": "YouTube",
    "region": "Europe",
    "date": "2025-12-19",
    "clicks": 3723,
    "impressions": 484504,
    "conversions": 1499,
    "spend": 2029.52,
    "revenue": 34787.22
  },
  {
    "id": 681,
    "campaign": "NewYearDeal",
    "channel": "YouTube",
    "region": "South America",
    "date": "2025-06-16",
    "clicks": 42705,
    "impressions": 359546,
    "conversions": 1543,
    "spend": 3020.88,
    "revenue": 34175.48
  },
  {
    "id": 682,
    "campaign": "SummerSale",
    "channel": "Twitter",
    "region": "Asia",
    "date": "2025-11-11",
    "clicks": 3016,
    "impressions": 436059,
    "conversions": 348,
    "spend": 7588.68,
    "revenue": 27527.52
  },
  {
    "id": 683,
    "campaign": "SummerSale",
    "channel": "Google",
    "region": "Australia",
    "date": "2025-05-16",
    "clicks": 39710,
    "impressions": 201818,
    "conversions": 1987,
    "spend": 12355.93,
    "revenue": 2020.55
  },
  {
    "id": 684,
    "campaign": "WinterPromo",
    "channel": "Snapchat",
    "region": "South America",
    "date": "2025-12-19",
    "clicks": 10257,
    "impressions": 346956,
    "conversions": 222,
    "spend": 3265.96,
    "revenue": 1953.55
  },
  {
    "id": 685,
    "campaign": "CyberMonday",
    "channel": "Facebook",
    "region": "Asia",
    "date": "2025-10-15",
    "clicks": 40108,
    "impressions": 683185,
    "conversions": 1375,
    "spend": 12005.95,
    "revenue": 28850.99
  },
  {
    "id": 686,
    "campaign": "BackToSchool",
    "channel": "Twitter",
    "region": "North America",
    "date": "2025-10-24",
    "clicks": 46456,
    "impressions": 663933,
    "conversions": 796,
    "spend": 3515.41,
    "revenue": 19100.91
  },
  {
    "id": 687,
    "campaign": "WinterPromo",
    "channel": "Google",
    "region": "Australia",
    "date": "2025-02-23",
    "clicks": 19856,
    "impressions": 448239,
    "conversions": 1526,
    "spend": 12299.3,
    "revenue": 13763.98
  },
  {
    "id": 688,
    "campaign": "NewYearDeal",
    "channel": "Instagram",
    "region": "Asia",
    "date": "2025-08-27",
    "clicks": 36483,
    "impressions": 9658,
    "conversions": 1214,
    "spend": 13872.03,
    "revenue": 14250.45
  },
  {
    "id": 689,
    "campaign": "BlackFriday",
    "channel": "Facebook",
    "region": "North America",
    "date": "2025-06-18",
    "clicks": 17142,
    "impressions": 519364,
    "conversions": 536,
    "spend": 2796.95,
    "revenue": 16457.71
  },
  {
    "id": 690,
    "campaign": "BackToSchool",
    "channel": "Pinterest",
    "region": "South America",
    "date": "2025-11-19",
    "clicks": 32425,
    "impressions": 922120,
    "conversions": 1985,
    "spend": 5433.44,
    "revenue": 18456.07
  },
  {
    "id": 691,
    "campaign": "NewYearDeal",
    "channel": "Google",
    "region": "Europe",
    "date": "2025-06-04",
    "clicks": 17340,
    "impressions": 688655,
    "conversions": 100,
    "spend": 8845.63,
    "revenue": 12880.43
  },
  {
    "id": 692,
    "campaign": "NewYearDeal",
    "channel": "Instagram",
    "region": "North America",
    "date": "2025-07-21",
    "clicks": 48720,
    "impressions": 184875,
    "conversions": 1204,
    "spend": 14307.78,
    "revenue": 38176.9
  },
  {
    "id": 693,
    "campaign": "BackToSchool",
    "channel": "LinkedIn",
    "region": "Australia",
    "date": "2025-12-12",
    "clicks": 19765,
    "impressions": 772886,
    "conversions": 862,
    "spend": 13912.16,
    "revenue": 14746.35
  },
  {
    "id": 694,
    "campaign": "BackToSchool",
    "channel": "TikTok",
    "region": "North America",
    "date": "2025-03-09",
    "clicks": 20802,
    "impressions": 170755,
    "conversions": 1803,
    "spend": 12312.5,
    "revenue": 48197.82
  },
  {
    "id": 695,
    "campaign": "BlackFriday",
    "channel": "Snapchat",
    "region": "South America",
    "date": "2025-01-08",
    "clicks": 23757,
    "impressions": 977244,
    "conversions": 1010,
    "spend": 2427.57,
    "revenue": 12207.09
  },
  {
    "id": 696,
    "campaign": "BackToSchool",
    "channel": "Facebook",
    "region": "North America",
    "date": "2025-02-05",
    "clicks": 1387,
    "impressions": 199488,
    "conversions": 1722,
    "spend": 926.29,
    "revenue": 23996.53
  },
  {
    "id": 697,
    "campaign": "BlackFriday",
    "channel": "LinkedIn",
    "region": "North America",
    "date": "2025-12-23",
    "clicks": 12545,
    "impressions": 55631,
    "conversions": 877,
    "spend": 5302.33,
    "revenue": 48074.61
  },
  {
    "id": 698,
    "campaign": "WinterPromo",
    "channel": "Reddit",
    "region": "Europe",
    "date": "2025-05-28",
    "clicks": 42141,
    "impressions": 69227,
    "conversions": 1512,
    "spend": 8778.47,
    "revenue": 41834.98
  },
  {
    "id": 699,
    "campaign": "NewYearDeal",
    "channel": "Google",
    "region": "North America",
    "date": "2025-03-20",
    "clicks": 19129,
    "impressions": 9554,
    "conversions": 503,
    "spend": 12255.99,
    "revenue": 29346.29
  },
  {
    "id": 700,
    "campaign": "BackToSchool",
    "channel": "Twitter",
    "region": "Europe",
    "date": "2025-10-19",
    "clicks": 4974,
    "impressions": 881062,
    "conversions": 1440,
    "spend": 2885.98,
    "revenue": 47107.94
  },
  {
    "id": 701,
    "campaign": "SummerSale",
    "channel": "Twitter",
    "region": "Asia",
    "date": "2025-07-01",
    "clicks": 47930,
    "impressions": 423528,
    "conversions": 583,
    "spend": 9499.09,
    "revenue": 19702.31
  },
  {
    "id": 702,
    "campaign": "WinterPromo",
    "channel": "Pinterest",
    "region": "Europe",
    "date": "2025-08-10",
    "clicks": 37411,
    "impressions": 589254,
    "conversions": 1210,
    "spend": 11470.15,
    "revenue": 23491.51
  },
  {
    "id": 703,
    "campaign": "WinterPromo",
    "channel": "Instagram",
    "region": "South America",
    "date": "2025-08-04",
    "clicks": 8006,
    "impressions": 973052,
    "conversions": 365,
    "spend": 7459.21,
    "revenue": 29905.42
  },
  {
    "id": 704,
    "campaign": "NewYearDeal",
    "channel": "Reddit",
    "region": "Asia",
    "date": "2025-07-14",
    "clicks": 33593,
    "impressions": 860863,
    "conversions": 1683,
    "spend": 7730.13,
    "revenue": 35921.42
  },
  {
    "id": 705,
    "campaign": "SummerSale",
    "channel": "Twitter",
    "region": "Europe",
    "date": "2025-11-16",
    "clicks": 46440,
    "impressions": 904898,
    "conversions": 621,
    "spend": 952.71,
    "revenue": 39889.0
  },
  {
    "id": 706,
    "campaign": "BackToSchool",
    "channel": "Instagram",
    "region": "Asia",
    "date": "2025-09-10",
    "clicks": 20234,
    "impressions": 471395,
    "conversions": 754,
    "spend": 6087.09,
    "revenue": 7217.51
  },
  {
    "id": 707,
    "campaign": "BlackFriday",
    "channel": "Instagram",
    "region": "Australia",
    "date": "2025-07-20",
    "clicks": 3586,
    "impressions": 381623,
    "conversions": 529,
    "spend": 14378.11,
    "revenue": 36049.71
  },
  {
    "id": 708,
    "campaign": "WinterPromo",
    "channel": "Pinterest",
    "region": "North America",
    "date": "2025-09-14",
    "clicks": 39927,
    "impressions": 581269,
    "conversions": 391,
    "spend": 5537.84,
    "revenue": 21849.17
  },
  {
    "id": 709,
    "campaign": "WinterPromo",
    "channel": "Pinterest",
    "region": "Australia",
    "date": "2025-07-09",
    "clicks": 24291,
    "impressions": 300060,
    "conversions": 1406,
    "spend": 3448.36,
    "revenue": 21148.19
  },
  {
    "id": 710,
    "campaign": "NewYearDeal",
    "channel": "YouTube",
    "region": "South America",
    "date": "2025-05-16",
    "clicks": 47448,
    "impressions": 576555,
    "conversions": 506,
    "spend": 11603.98,
    "revenue": 1260.17
  },
  {
    "id": 711,
    "campaign": "BlackFriday",
    "channel": "Instagram",
    "region": "Europe",
    "date": "2025-08-22",
    "clicks": 17179,
    "impressions": 473723,
    "conversions": 593,
    "spend": 14954.11,
    "revenue": 30946.34
  },
  {
    "id": 712,
    "campaign": "SummerSale",
    "channel": "Google",
    "region": "Europe",
    "date": "2025-12-27",
    "clicks": 48306,
    "impressions": 424080,
    "conversions": 1284,
    "spend": 10006.6,
    "revenue": 18897.82
  },
  {
    "id": 713,
    "campaign": "CyberMonday",
    "channel": "Instagram",
    "region": "South America",
    "date": "2025-04-16",
    "clicks": 26516,
    "impressions": 593935,
    "conversions": 1235,
    "spend": 2412.89,
    "revenue": 1085.05
  },
  {
    "id": 714,
    "campaign": "SummerSale",
    "channel": "Instagram",
    "region": "South America",
    "date": "2025-07-18",
    "clicks": 40544,
    "impressions": 958596,
    "conversions": 244,
    "spend": 8369.88,
    "revenue": 44569.31
  },
  {
    "id": 715,
    "campaign": "BlackFriday",
    "channel": "Twitter",
    "region": "Asia",
    "date": "2025-11-11",
    "clicks": 13551,
    "impressions": 225341,
    "conversions": 847,
    "spend": 5946.89,
    "revenue": 49637.37
  },
  {
    "id": 716,
    "campaign": "CyberMonday",
    "channel": "Reddit",
    "region": "North America",
    "date": "2025-06-21",
    "clicks": 44584,
    "impressions": 588503,
    "conversions": 1719,
    "spend": 8438.48,
    "revenue": 32677.72
  },
  {
    "id": 717,
    "campaign": "CyberMonday",
    "channel": "Facebook",
    "region": "Europe",
    "date": "2025-12-12",
    "clicks": 43435,
    "impressions": 356503,
    "conversions": 642,
    "spend": 11013.85,
    "revenue": 48379.2
  },
  {
    "id": 718,
    "campaign": "NewYearDeal",
    "channel": "Instagram",
    "region": "North America",
    "date": "2025-07-24",
    "clicks": 44530,
    "impressions": 72258,
    "conversions": 1511,
    "spend": 11537.56,
    "revenue": 32845.15
  },
  {
    "id": 719,
    "campaign": "NewYearDeal",
    "channel": "Pinterest",
    "region": "Asia",
    "date": "2025-10-01",
    "clicks": 3141,
    "impressions": 83494,
    "conversions": 183,
    "spend": 6085.15,
    "revenue": 46502.58
  },
  {
    "id": 720,
    "campaign": "SummerSale",
    "channel": "Pinterest",
    "region": "South America",
    "date": "2025-02-24",
    "clicks": 34032,
    "impressions": 941636,
    "conversions": 1499,
    "spend": 5123.37,
    "revenue": 7483.28
  },
  {
    "id": 721,
    "campaign": "WinterPromo",
    "channel": "Reddit",
    "region": "Europe",
    "date": "2025-08-13",
    "clicks": 42889,
    "impressions": 708949,
    "conversions": 1917,
    "spend": 13559.17,
    "revenue": 48789.88
  },
  {
    "id": 722,
    "campaign": "SummerSale",
    "channel": "Pinterest",
    "region": "Asia",
    "date": "2025-03-15",
    "clicks": 33550,
    "impressions": 9793,
    "conversions": 1727,
    "spend": 7384.56,
    "revenue": 30022.01
  },
  {
    "id": 723,
    "campaign": "CyberMonday",
    "channel": "TikTok",
    "region": "Australia",
    "date": "2025-06-24",
    "clicks": 12941,
    "impressions": 187439,
    "conversions": 1559,
    "spend": 3829.65,
    "revenue": 41720.39
  },
  {
    "id": 724,
    "campaign": "WinterPromo",
    "channel": "TikTok",
    "region": "Europe",
    "date": "2025-09-27",
    "clicks": 1234,
    "impressions": 97478,
    "conversions": 410,
    "spend": 12230.12,
    "revenue": 40597.46
  },
  {
    "id": 725,
    "campaign": "BlackFriday",
    "channel": "LinkedIn",
    "region": "Asia",
    "date": "2025-07-12",
    "clicks": 31508,
    "impressions": 231852,
    "conversions": 1163,
    "spend": 8131.1,
    "revenue": 18715.97
  },
  {
    "id": 726,
    "campaign": "BackToSchool",
    "channel": "TikTok",
    "region": "Asia",
    "date": "2025-08-08",
    "clicks": 39113,
    "impressions": 104210,
    "conversions": 1194,
    "spend": 9326.49,
    "revenue": 34084.97
  },
  {
    "id": 727,
    "campaign": "NewYearDeal",
    "channel": "Twitter",
    "region": "South America",
    "date": "2025-06-09",
    "clicks": 20025,
    "impressions": 531006,
    "conversions": 637,
    "spend": 442.63,
    "revenue": 22238.42
  },
  {
    "id": 728,
    "campaign": "SummerSale",
    "channel": "Facebook",
    "region": "South America",
    "date": "2025-07-23",
    "clicks": 44517,
    "impressions": 961535,
    "conversions": 617,
    "spend": 3281.43,
    "revenue": 31915.36
  },
  {
    "id": 729,
    "campaign": "SummerSale",
    "channel": "Instagram",
    "region": "South America",
    "date": "2025-03-09",
    "clicks": 37497,
    "impressions": 824435,
    "conversions": 1218,
    "spend": 10552.11,
    "revenue": 25234.52
  },
  {
    "id": 730,
    "campaign": "CyberMonday",
    "channel": "Facebook",
    "region": "Asia",
    "date": "2025-10-27",
    "clicks": 10448,
    "impressions": 874040,
    "conversions": 1242,
    "spend": 7166.98,
    "revenue": 45567.44
  },
  {
    "id": 731,
    "campaign": "BackToSchool",
    "channel": "LinkedIn",
    "region": "Asia",
    "date": "2025-05-17",
    "clicks": 29452,
    "impressions": 504128,
    "conversions": 1545,
    "spend": 1732.88,
    "revenue": 30347.71
  },
  {
    "id": 732,
    "campaign": "BlackFriday",
    "channel": "Reddit",
    "region": "Asia",
    "date": "2025-10-04",
    "clicks": 17231,
    "impressions": 911734,
    "conversions": 1466,
    "spend": 13509.48,
    "revenue": 37687.31
  },
  {
    "id": 733,
    "campaign": "SummerSale",
    "channel": "TikTok",
    "region": "Asia",
    "date": "2025-06-12",
    "clicks": 25365,
    "impressions": 78660,
    "conversions": 393,
    "spend": 6295.4,
    "revenue": 25966.34
  },
  {
    "id": 734,
    "campaign": "SummerSale",
    "channel": "Twitter",
    "region": "North America",
    "date": "2025-12-27",
    "clicks": 7149,
    "impressions": 49041,
    "conversions": 15,
    "spend": 778.44,
    "revenue": 4118.86
  },
  {
    "id": 735,
    "campaign": "BackToSchool",
    "channel": "LinkedIn",
    "region": "Asia",
    "date": "2025-09-26",
    "clicks": 33525,
    "impressions": 639518,
    "conversions": 321,
    "spend": 9680.56,
    "revenue": 10209.16
  },
  {
    "id": 736,
    "campaign": "WinterPromo",
    "channel": "TikTok",
    "region": "Europe",
    "date": "2025-08-01",
    "clicks": 33904,
    "impressions": 7752,
    "conversions": 1742,
    "spend": 3845.65,
    "revenue": 40919.55
  },
  {
    "id": 737,
    "campaign": "WinterPromo",
    "channel": "Snapchat",
    "region": "Australia",
    "date": "2025-01-24",
    "clicks": 9740,
    "impressions": 699337,
    "conversions": 412,
    "spend": 12751.09,
    "revenue": 27265.73
  },
  {
    "id": 738,
    "campaign": "WinterPromo",
    "channel": "Pinterest",
    "region": "South America",
    "date": "2025-10-23",
    "clicks": 26286,
    "impressions": 452575,
    "conversions": 338,
    "spend": 12657.97,
    "revenue": 6637.94
  },
  {
    "id": 739,
    "campaign": "NewYearDeal",
    "channel": "Reddit",
    "region": "Asia",
    "date": "2025-08-10",
    "clicks": 43017,
    "impressions": 567443,
    "conversions": 1975,
    "spend": 14937.8,
    "revenue": 36199.39
  },
  {
    "id": 740,
    "campaign": "WinterPromo",
    "channel": "Facebook",
    "region": "Australia",
    "date": "2025-09-07",
    "clicks": 5607,
    "impressions": 497106,
    "conversions": 1791,
    "spend": 11109.21,
    "revenue": 46729.66
  },
  {
    "id": 741,
    "campaign": "SummerSale",
    "channel": "Reddit",
    "region": "Australia",
    "date": "2025-08-16",
    "clicks": 30216,
    "impressions": 26458,
    "conversions": 89,
    "spend": 7518.46,
    "revenue": 42875.98
  },
  {
    "id": 742,
    "campaign": "BackToSchool",
    "channel": "TikTok",
    "region": "Asia",
    "date": "2025-11-01",
    "clicks": 16695,
    "impressions": 423517,
    "conversions": 767,
    "spend": 421.3,
    "revenue": 21756.87
  },
  {
    "id": 743,
    "campaign": "BlackFriday",
    "channel": "Pinterest",
    "region": "South America",
    "date": "2025-08-11",
    "clicks": 37960,
    "impressions": 652820,
    "conversions": 1743,
    "spend": 5941.97,
    "revenue": 2641.84
  },
  {
    "id": 744,
    "campaign": "NewYearDeal",
    "channel": "Google",
    "region": "Australia",
    "date": "2025-08-18",
    "clicks": 20895,
    "impressions": 293195,
    "conversions": 1678,
    "spend": 9935.33,
    "revenue": 41061.39
  },
  {
    "id": 745,
    "campaign": "BackToSchool",
    "channel": "YouTube",
    "region": "Australia",
    "date": "2025-04-26",
    "clicks": 11154,
    "impressions": 320629,
    "conversions": 720,
    "spend": 13560.38,
    "revenue": 8897.56
  },
  {
    "id": 746,
    "campaign": "CyberMonday",
    "channel": "Instagram",
    "region": "South America",
    "date": "2025-04-10",
    "clicks": 30700,
    "impressions": 930185,
    "conversions": 301,
    "spend": 5955.44,
    "revenue": 16452.31
  },
  {
    "id": 747,
    "campaign": "BlackFriday",
    "channel": "Instagram",
    "region": "South America",
    "date": "2025-08-20",
    "clicks": 6820,
    "impressions": 11014,
    "conversions": 588,
    "spend": 3779.62,
    "revenue": 36146.34
  },
  {
    "id": 748,
    "campaign": "BackToSchool",
    "channel": "TikTok",
    "region": "Europe",
    "date": "2025-11-25",
    "clicks": 22620,
    "impressions": 988393,
    "conversions": 59,
    "spend": 3733.8,
    "revenue": 31120.59
  },
  {
    "id": 749,
    "campaign": "WinterPromo",
    "channel": "Reddit",
    "region": "Australia",
    "date": "2025-04-02",
    "clicks": 12321,
    "impressions": 721925,
    "conversions": 1142,
    "spend": 339.32,
    "revenue": 14802.67
  },
  {
    "id": 750,
    "campaign": "WinterPromo",
    "channel": "Pinterest",
    "region": "Europe",
    "date": "2025-12-25",
    "clicks": 48821,
    "impressions": 315186,
    "conversions": 1959,
    "spend": 7605.4,
    "revenue": 24415.71
  },
  {
    "id": 751,
    "campaign": "NewYearDeal",
    "channel": "YouTube",
    "region": "North America",
    "date": "2025-01-27",
    "clicks": 4855,
    "impressions": 864951,
    "conversions": 1267,
    "spend": 14115.33,
    "revenue": 49659.37
  },
  {
    "id": 752,
    "campaign": "WinterPromo",
    "channel": "YouTube",
    "region": "North America",
    "date": "2025-05-09",
    "clicks": 19277,
    "impressions": 318810,
    "conversions": 504,
    "spend": 7239.14,
    "revenue": 31316.65
  },
  {
    "id": 753,
    "campaign": "BlackFriday",
    "channel": "Reddit",
    "region": "Europe",
    "date": "2025-06-18",
    "clicks": 32417,
    "impressions": 538512,
    "conversions": 587,
    "spend": 11697.63,
    "revenue": 20301.79
  },
  {
    "id": 754,
    "campaign": "SummerSale",
    "channel": "Pinterest",
    "region": "Australia",
    "date": "2025-04-19",
    "clicks": 16598,
    "impressions": 278465,
    "conversions": 611,
    "spend": 13954.12,
    "revenue": 12708.97
  },
  {
    "id": 755,
    "campaign": "NewYearDeal",
    "channel": "Snapchat",
    "region": "Australia",
    "date": "2025-06-08",
    "clicks": 34143,
    "impressions": 411584,
    "conversions": 1911,
    "spend": 5616.32,
    "revenue": 20851.74
  },
  {
    "id": 756,
    "campaign": "BackToSchool",
    "channel": "Snapchat",
    "region": "Asia",
    "date": "2025-03-23",
    "clicks": 38146,
    "impressions": 879853,
    "conversions": 1875,
    "spend": 10942.06,
    "revenue": 16129.31
  },
  {
    "id": 757,
    "campaign": "NewYearDeal",
    "channel": "Snapchat",
    "region": "North America",
    "date": "2025-12-14",
    "clicks": 34586,
    "impressions": 667464,
    "conversions": 471,
    "spend": 1873.69,
    "revenue": 45925.62
  },
  {
    "id": 758,
    "campaign": "WinterPromo",
    "channel": "TikTok",
    "region": "South America",
    "date": "2025-03-24",
    "clicks": 623,
    "impressions": 451819,
    "conversions": 1980,
    "spend": 9614.61,
    "revenue": 25235.35
  },
  {
    "id": 759,
    "campaign": "BlackFriday",
    "channel": "LinkedIn",
    "region": "Europe",
    "date": "2025-10-24",
    "clicks": 27507,
    "impressions": 171236,
    "conversions": 745,
    "spend": 7820.69,
    "revenue": 27961.45
  },
  {
    "id": 760,
    "campaign": "NewYearDeal",
    "channel": "Pinterest",
    "region": "Asia",
    "date": "2025-11-13",
    "clicks": 13181,
    "impressions": 602823,
    "conversions": 1455,
    "spend": 9041.44,
    "revenue": 8769.08
  },
  {
    "id": 761,
    "campaign": "BlackFriday",
    "channel": "LinkedIn",
    "region": "Asia",
    "date": "2025-01-15",
    "clicks": 47038,
    "impressions": 319655,
    "conversions": 1384,
    "spend": 10778.65,
    "revenue": 5927.55
  },
  {
    "id": 762,
    "campaign": "WinterPromo",
    "channel": "YouTube",
    "region": "Asia",
    "date": "2025-12-27",
    "clicks": 1045,
    "impressions": 769917,
    "conversions": 620,
    "spend": 1273.52,
    "revenue": 1168.42
  },
  {
    "id": 763,
    "campaign": "WinterPromo",
    "channel": "Facebook",
    "region": "Asia",
    "date": "2025-06-04",
    "clicks": 18133,
    "impressions": 581033,
    "conversions": 1555,
    "spend": 4447.27,
    "revenue": 36447.69
  },
  {
    "id": 764,
    "campaign": "NewYearDeal",
    "channel": "Twitter",
    "region": "North America",
    "date": "2025-06-12",
    "clicks": 28686,
    "impressions": 22041,
    "conversions": 1342,
    "spend": 13723.49,
    "revenue": 18577.84
  },
  {
    "id": 765,
    "campaign": "WinterPromo",
    "channel": "TikTok",
    "region": "North America",
    "date": "2025-03-01",
    "clicks": 25314,
    "impressions": 321255,
    "conversions": 42,
    "spend": 8514.82,
    "revenue": 15914.17
  },
  {
    "id": 766,
    "campaign": "BlackFriday",
    "channel": "Instagram",
    "region": "Europe",
    "date": "2025-02-20",
    "clicks": 19781,
    "impressions": 507660,
    "conversions": 1448,
    "spend": 10457.69,
    "revenue": 4374.87
  },
  {
    "id": 767,
    "campaign": "NewYearDeal",
    "channel": "Instagram",
    "region": "South America",
    "date": "2025-08-06",
    "clicks": 33038,
    "impressions": 285179,
    "conversions": 76,
    "spend": 3149.91,
    "revenue": 2922.17
  },
  {
    "id": 768,
    "campaign": "SummerSale",
    "channel": "LinkedIn",
    "region": "South America",
    "date": "2025-04-09",
    "clicks": 35703,
    "impressions": 110866,
    "conversions": 295,
    "spend": 7056.99,
    "revenue": 11462.02
  },
  {
    "id": 769,
    "campaign": "BlackFriday",
    "channel": "Twitter",
    "region": "Europe",
    "date": "2025-04-25",
    "clicks": 47882,
    "impressions": 917380,
    "conversions": 1639,
    "spend": 9425.74,
    "revenue": 43358.15
  },
  {
    "id": 770,
    "campaign": "WinterPromo",
    "channel": "Twitter",
    "region": "South America",
    "date": "2025-05-28",
    "clicks": 6770,
    "impressions": 881496,
    "conversions": 541,
    "spend": 8198.53,
    "revenue": 44337.17
  },
  {
    "id": 771,
    "campaign": "BackToSchool",
    "channel": "Instagram",
    "region": "Europe",
    "date": "2025-02-01",
    "clicks": 31816,
    "impressions": 59936,
    "conversions": 1666,
    "spend": 257.89,
    "revenue": 26168.69
  },
  {
    "id": 772,
    "campaign": "WinterPromo",
    "channel": "Pinterest",
    "region": "Europe",
    "date": "2025-03-09",
    "clicks": 3415,
    "impressions": 882994,
    "conversions": 738,
    "spend": 9855.75,
    "revenue": 17594.42
  },
  {
    "id": 773,
    "campaign": "BackToSchool",
    "channel": "TikTok",
    "region": "Europe",
    "date": "2025-01-15",
    "clicks": 14580,
    "impressions": 688982,
    "conversions": 1142,
    "spend": 12889.67,
    "revenue": 46529.8
  },
  {
    "id": 774,
    "campaign": "SummerSale",
    "channel": "Pinterest",
    "region": "Europe",
    "date": "2025-09-06",
    "clicks": 39234,
    "impressions": 698052,
    "conversions": 1546,
    "spend": 11345.56,
    "revenue": 9484.27
  },
  {
    "id": 775,
    "campaign": "BlackFriday",
    "channel": "LinkedIn",
    "region": "North America",
    "date": "2025-08-22",
    "clicks": 7799,
    "impressions": 728020,
    "conversions": 1451,
    "spend": 6884.89,
    "revenue": 18055.39
  },
  {
    "id": 776,
    "campaign": "BackToSchool",
    "channel": "YouTube",
    "region": "Australia",
    "date": "2025-09-05",
    "clicks": 193,
    "impressions": 600121,
    "conversions": 900,
    "spend": 12847.81,
    "revenue": 25152.55
  },
  {
    "id": 777,
    "campaign": "BackToSchool",
    "channel": "Pinterest",
    "region": "North America",
    "date": "2025-07-03",
    "clicks": 28169,
    "impressions": 662567,
    "conversions": 911,
    "spend": 6576.44,
    "revenue": 610.11
  },
  {
    "id": 778,
    "campaign": "WinterPromo",
    "channel": "TikTok",
    "region": "Europe",
    "date": "2025-01-04",
    "clicks": 10202,
    "impressions": 589721,
    "conversions": 1212,
    "spend": 7742.93,
    "revenue": 8412.6
  },
  {
    "id": 779,
    "campaign": "WinterPromo",
    "channel": "Reddit",
    "region": "North America",
    "date": "2025-08-11",
    "clicks": 25023,
    "impressions": 171644,
    "conversions": 197,
    "spend": 13496.68,
    "revenue": 35101.88
  },
  {
    "id": 780,
    "campaign": "SummerSale",
    "channel": "Snapchat",
    "region": "Australia",
    "date": "2025-07-24",
    "clicks": 38172,
    "impressions": 725357,
    "conversions": 1446,
    "spend": 14088.09,
    "revenue": 809.51
  },
  {
    "id": 781,
    "campaign": "BackToSchool",
    "channel": "YouTube",
    "region": "Asia",
    "date": "2025-05-16",
    "clicks": 29919,
    "impressions": 833930,
    "conversions": 70,
    "spend": 540.71,
    "revenue": 32708.27
  },
  {
    "id": 782,
    "campaign": "CyberMonday",
    "channel": "Pinterest",
    "region": "North America",
    "date": "2025-12-25",
    "clicks": 14029,
    "impressions": 502736,
    "conversions": 89,
    "spend": 3546.84,
    "revenue": 5412.95
  },
  {
    "id": 783,
    "campaign": "BlackFriday",
    "channel": "Instagram",
    "region": "Asia",
    "date": "2025-03-22",
    "clicks": 1682,
    "impressions": 953515,
    "conversions": 876,
    "spend": 14699.96,
    "revenue": 6658.01
  },
  {
    "id": 784,
    "campaign": "NewYearDeal",
    "channel": "YouTube",
    "region": "Europe",
    "date": "2025-03-20",
    "clicks": 48527,
    "impressions": 752290,
    "conversions": 440,
    "spend": 2152.96,
    "revenue": 20458.45
  },
  {
    "id": 785,
    "campaign": "WinterPromo",
    "channel": "Facebook",
    "region": "Asia",
    "date": "2025-09-02",
    "clicks": 3183,
    "impressions": 302229,
    "conversions": 670,
    "spend": 3773.94,
    "revenue": 15886.21
  },
  {
    "id": 786,
    "campaign": "BackToSchool",
    "channel": "Snapchat",
    "region": "North America",
    "date": "2025-11-12",
    "clicks": 24968,
    "impressions": 225988,
    "conversions": 1759,
    "spend": 1722.71,
    "revenue": 15128.93
  },
  {
    "id": 787,
    "campaign": "WinterPromo",
    "channel": "Snapchat",
    "region": "Australia",
    "date": "2025-04-16",
    "clicks": 2798,
    "impressions": 699083,
    "conversions": 223,
    "spend": 13055.75,
    "revenue": 29760.25
  },
  {
    "id": 788,
    "campaign": "SummerSale",
    "channel": "Facebook",
    "region": "South America",
    "date": "2025-09-03",
    "clicks": 42046,
    "impressions": 765125,
    "conversions": 1107,
    "spend": 14217.74,
    "revenue": 11590.45
  },
  {
    "id": 789,
    "campaign": "CyberMonday",
    "channel": "LinkedIn",
    "region": "South America",
    "date": "2025-12-07",
    "clicks": 48099,
    "impressions": 657212,
    "conversions": 1797,
    "spend": 5034.82,
    "revenue": 47704.79
  },
  {
    "id": 790,
    "campaign": "WinterPromo",
    "channel": "Twitter",
    "region": "Asia",
    "date": "2025-08-05",
    "clicks": 5986,
    "impressions": 509804,
    "conversions": 1363,
    "spend": 14791.7,
    "revenue": 3052.45
  },
  {
    "id": 791,
    "campaign": "WinterPromo",
    "channel": "Pinterest",
    "region": "Australia",
    "date": "2025-05-27",
    "clicks": 18499,
    "impressions": 714843,
    "conversions": 684,
    "spend": 951.45,
    "revenue": 5035.0
  },
  {
    "id": 792,
    "campaign": "WinterPromo",
    "channel": "Reddit",
    "region": "Australia",
    "date": "2025-09-22",
    "clicks": 47598,
    "impressions": 310278,
    "conversions": 494,
    "spend": 12506.85,
    "revenue": 18197.69
  },
  {
    "id": 793,
    "campaign": "NewYearDeal",
    "channel": "TikTok",
    "region": "Asia",
    "date": "2025-07-09",
    "clicks": 8935,
    "impressions": 309779,
    "conversions": 1933,
    "spend": 9688.8,
    "revenue": 17390.49
  },
  {
    "id": 794,
    "campaign": "BlackFriday",
    "channel": "Pinterest",
    "region": "South America",
    "date": "2025-11-19",
    "clicks": 29558,
    "impressions": 355818,
    "conversions": 840,
    "spend": 5175.24,
    "revenue": 48926.79
  },
  {
    "id": 795,
    "campaign": "NewYearDeal",
    "channel": "Facebook",
    "region": "North America",
    "date": "2025-07-04",
    "clicks": 2478,
    "impressions": 663365,
    "conversions": 711,
    "spend": 3789.03,
    "revenue": 29547.35
  },
  {
    "id": 796,
    "campaign": "BlackFriday",
    "channel": "Pinterest",
    "region": "Europe",
    "date": "2025-02-03",
    "clicks": 47747,
    "impressions": 482667,
    "conversions": 774,
    "spend": 10998.64,
    "revenue": 32619.91
  },
  {
    "id": 797,
    "campaign": "WinterPromo",
    "channel": "YouTube",
    "region": "South America",
    "date": "2025-08-27",
    "clicks": 42885,
    "impressions": 989439,
    "conversions": 1794,
    "spend": 3039.13,
    "revenue": 48659.17
  },
  {
    "id": 798,
    "campaign": "SummerSale",
    "channel": "TikTok",
    "region": "North America",
    "date": "2025-04-07",
    "clicks": 29063,
    "impressions": 388014,
    "conversions": 1036,
    "spend": 1768.76,
    "revenue": 2621.98
  },
  {
    "id": 799,
    "campaign": "WinterPromo",
    "channel": "YouTube",
    "region": "Asia",
    "date": "2025-03-17",
    "clicks": 36167,
    "impressions": 763642,
    "conversions": 1404,
    "spend": 1810.74,
    "revenue": 23877.85
  },
  {
    "id": 800,
    "campaign": "WinterPromo",
    "channel": "Facebook",
    "region": "Europe",
    "date": "2025-03-10",
    "clicks": 12388,
    "impressions": 559590,
    "conversions": 1569,
    "spend": 9106.61,
    "revenue": 34625.11
  },
  {
    "id": 801,
    "campaign": "BackToSchool",
    "channel": "Facebook",
    "region": "Asia",
    "date": "2025-02-06",
    "clicks": 42249,
    "impressions": 113038,
    "conversions": 1690,
    "spend": 8294.55,
    "revenue": 45207.98
  },
  {
    "id": 802,
    "campaign": "WinterPromo",
    "channel": "Twitter",
    "region": "Asia",
    "date": "2025-03-09",
    "clicks": 17079,
    "impressions": 737505,
    "conversions": 789,
    "spend": 710.83,
    "revenue": 29452.7
  },
  {
    "id": 803,
    "campaign": "NewYearDeal",
    "channel": "Pinterest",
    "region": "Australia",
    "date": "2025-05-09",
    "clicks": 20204,
    "impressions": 834229,
    "conversions": 824,
    "spend": 11659.99,
    "revenue": 40141.35
  },
  {
    "id": 804,
    "campaign": "SummerSale",
    "channel": "Google",
    "region": "North America",
    "date": "2025-05-17",
    "clicks": 24258,
    "impressions": 42947,
    "conversions": 61,
    "spend": 2303.21,
    "revenue": 4925.57
  },
  {
    "id": 805,
    "campaign": "WinterPromo",
    "channel": "Instagram",
    "region": "Asia",
    "date": "2025-04-23",
    "clicks": 37233,
    "impressions": 58078,
    "conversions": 293,
    "spend": 3032.32,
    "revenue": 3899.47
  },
  {
    "id": 806,
    "campaign": "BlackFriday",
    "channel": "Reddit",
    "region": "Australia",
    "date": "2025-01-27",
    "clicks": 43268,
    "impressions": 127629,
    "conversions": 1037,
    "spend": 3704.06,
    "revenue": 2858.14
  },
  {
    "id": 807,
    "campaign": "CyberMonday",
    "channel": "Instagram",
    "region": "Asia",
    "date": "2025-08-02",
    "clicks": 47251,
    "impressions": 156866,
    "conversions": 457,
    "spend": 8990.45,
    "revenue": 4673.08
  },
  {
    "id": 808,
    "campaign": "CyberMonday",
    "channel": "Google",
    "region": "Europe",
    "date": "2025-08-13",
    "clicks": 13056,
    "impressions": 717662,
    "conversions": 790,
    "spend": 12937.47,
    "revenue": 32192.27
  },
  {
    "id": 809,
    "campaign": "NewYearDeal",
    "channel": "Facebook",
    "region": "North America",
    "date": "2025-09-03",
    "clicks": 30962,
    "impressions": 954357,
    "conversions": 199,
    "spend": 4619.32,
    "revenue": 36091.06
  },
  {
    "id": 810,
    "campaign": "BackToSchool",
    "channel": "Snapchat",
    "region": "North America",
    "date": "2025-09-06",
    "clicks": 41594,
    "impressions": 922442,
    "conversions": 28,
    "spend": 11035.11,
    "revenue": 11458.46
  },
  {
    "id": 811,
    "campaign": "SummerSale",
    "channel": "Google",
    "region": "Europe",
    "date": "2025-10-20",
    "clicks": 36292,
    "impressions": 404275,
    "conversions": 569,
    "spend": 1981.9,
    "revenue": 16543.85
  },
  {
    "id": 812,
    "campaign": "NewYearDeal",
    "channel": "Google",
    "region": "South America",
    "date": "2025-11-12",
    "clicks": 1727,
    "impressions": 163529,
    "conversions": 1449,
    "spend": 1919.46,
    "revenue": 17923.31
  },
  {
    "id": 813,
    "campaign": "CyberMonday",
    "channel": "Google",
    "region": "Asia",
    "date": "2025-06-16",
    "clicks": 12516,
    "impressions": 221507,
    "conversions": 403,
    "spend": 11907.21,
    "revenue": 18781.37
  },
  {
    "id": 814,
    "campaign": "BlackFriday",
    "channel": "Google",
    "region": "Asia",
    "date": "2025-02-20",
    "clicks": 39700,
    "impressions": 474714,
    "conversions": 555,
    "spend": 12913.12,
    "revenue": 44931.07
  },
  {
    "id": 815,
    "campaign": "NewYearDeal",
    "channel": "Reddit",
    "region": "South America",
    "date": "2025-09-13",
    "clicks": 45584,
    "impressions": 728330,
    "conversions": 209,
    "spend": 5681.35,
    "revenue": 21825.03
  },
  {
    "id": 816,
    "campaign": "SummerSale",
    "channel": "Snapchat",
    "region": "Europe",
    "date": "2025-09-16",
    "clicks": 17799,
    "impressions": 138333,
    "conversions": 688,
    "spend": 12138.33,
    "revenue": 18624.67
  },
  {
    "id": 817,
    "campaign": "NewYearDeal",
    "channel": "YouTube",
    "region": "North America",
    "date": "2025-08-12",
    "clicks": 31148,
    "impressions": 541853,
    "conversions": 1034,
    "spend": 13835.81,
    "revenue": 17718.61
  },
  {
    "id": 818,
    "campaign": "SummerSale",
    "channel": "Google",
    "region": "Australia",
    "date": "2025-08-06",
    "clicks": 16307,
    "impressions": 843484,
    "conversions": 336,
    "spend": 12749.39,
    "revenue": 14373.12
  },
  {
    "id": 819,
    "campaign": "CyberMonday",
    "channel": "Facebook",
    "region": "Europe",
    "date": "2025-05-11",
    "clicks": 7025,
    "impressions": 152528,
    "conversions": 398,
    "spend": 4698.65,
    "revenue": 41037.12
  },
  {
    "id": 820,
    "campaign": "CyberMonday",
    "channel": "Google",
    "region": "Australia",
    "date": "2025-02-19",
    "clicks": 27370,
    "impressions": 508081,
    "conversions": 1613,
    "spend": 5312.8,
    "revenue": 15257.6
  },
  {
    "id": 821,
    "campaign": "CyberMonday",
    "channel": "YouTube",
    "region": "South America",
    "date": "2025-05-01",
    "clicks": 28521,
    "impressions": 681988,
    "conversions": 1984,
    "spend": 6392.91,
    "revenue": 37139.28
  },
  {
    "id": 822,
    "campaign": "BackToSchool",
    "channel": "Google",
    "region": "Australia",
    "date": "2025-04-26",
    "clicks": 32745,
    "impressions": 615240,
    "conversions": 726,
    "spend": 1686.15,
    "revenue": 21654.05
  },
  {
    "id": 823,
    "campaign": "BackToSchool",
    "channel": "Facebook",
    "region": "South America",
    "date": "2025-07-09",
    "clicks": 46880,
    "impressions": 651555,
    "conversions": 225,
    "spend": 4859.64,
    "revenue": 5758.7
  },
  {
    "id": 824,
    "campaign": "WinterPromo",
    "channel": "Pinterest",
    "region": "Europe",
    "date": "2025-10-01",
    "clicks": 27814,
    "impressions": 280044,
    "conversions": 774,
    "spend": 9986.16,
    "revenue": 12355.62
  },
  {
    "id": 825,
    "campaign": "WinterPromo",
    "channel": "Pinterest",
    "region": "Asia",
    "date": "2025-09-03",
    "clicks": 32062,
    "impressions": 858368,
    "conversions": 91,
    "spend": 2255.04,
    "revenue": 4950.39
  },
  {
    "id": 826,
    "campaign": "BlackFriday",
    "channel": "Twitter",
    "region": "Australia",
    "date": "2025-05-13",
    "clicks": 44534,
    "impressions": 309474,
    "conversions": 1414,
    "spend": 9996.74,
    "revenue": 30956.62
  },
  {
    "id": 827,
    "campaign": "NewYearDeal",
    "channel": "Twitter",
    "region": "South America",
    "date": "2025-04-12",
    "clicks": 42368,
    "impressions": 358920,
    "conversions": 1957,
    "spend": 1082.4,
    "revenue": 7707.32
  },
  {
    "id": 828,
    "campaign": "BackToSchool",
    "channel": "Google",
    "region": "North America",
    "date": "2025-01-04",
    "clicks": 7744,
    "impressions": 944910,
    "conversions": 1929,
    "spend": 12654.78,
    "revenue": 28917.37
  },
  {
    "id": 829,
    "campaign": "SummerSale",
    "channel": "Pinterest",
    "region": "Europe",
    "date": "2025-12-18",
    "clicks": 24996,
    "impressions": 185066,
    "conversions": 262,
    "spend": 11958.52,
    "revenue": 4457.78
  },
  {
    "id": 830,
    "campaign": "NewYearDeal",
    "channel": "Facebook",
    "region": "North America",
    "date": "2025-10-01",
    "clicks": 37887,
    "impressions": 743869,
    "conversions": 168,
    "spend": 7050.24,
    "revenue": 47258.42
  },
  {
    "id": 831,
    "campaign": "SummerSale",
    "channel": "TikTok",
    "region": "North America",
    "date": "2025-03-21",
    "clicks": 17155,
    "impressions": 923961,
    "conversions": 1404,
    "spend": 9934.22,
    "revenue": 33304.51
  },
  {
    "id": 832,
    "campaign": "NewYearDeal",
    "channel": "Google",
    "region": "South America",
    "date": "2025-06-07",
    "clicks": 13331,
    "impressions": 383619,
    "conversions": 1510,
    "spend": 4070.06,
    "revenue": 19832.22
  },
  {
    "id": 833,
    "campaign": "NewYearDeal",
    "channel": "TikTok",
    "region": "Europe",
    "date": "2025-10-06",
    "clicks": 24750,
    "impressions": 528552,
    "conversions": 561,
    "spend": 6535.39,
    "revenue": 25231.41
  },
  {
    "id": 834,
    "campaign": "NewYearDeal",
    "channel": "Facebook",
    "region": "South America",
    "date": "2025-08-18",
    "clicks": 13808,
    "impressions": 422128,
    "conversions": 302,
    "spend": 5606.5,
    "revenue": 21083.34
  },
  {
    "id": 835,
    "campaign": "NewYearDeal",
    "channel": "Reddit",
    "region": "Europe",
    "date": "2025-04-02",
    "clicks": 16157,
    "impressions": 222711,
    "conversions": 141,
    "spend": 13863.19,
    "revenue": 45542.63
  },
  {
    "id": 836,
    "campaign": "WinterPromo",
    "channel": "Instagram",
    "region": "North America",
    "date": "2025-02-02",
    "clicks": 43858,
    "impressions": 498331,
    "conversions": 782,
    "spend": 600.25,
    "revenue": 45081.06
  },
  {
    "id": 837,
    "campaign": "CyberMonday",
    "channel": "Google",
    "region": "Asia",
    "date": "2025-04-15",
    "clicks": 41396,
    "impressions": 804858,
    "conversions": 557,
    "spend": 7420.05,
    "revenue": 11800.48
  },
  {
    "id": 838,
    "campaign": "SummerSale",
    "channel": "LinkedIn",
    "region": "Asia",
    "date": "2025-01-07",
    "clicks": 17745,
    "impressions": 970469,
    "conversions": 1218,
    "spend": 7606.0,
    "revenue": 11331.3
  },
  {
    "id": 839,
    "campaign": "BackToSchool",
    "channel": "Instagram",
    "region": "Asia",
    "date": "2025-08-14",
    "clicks": 20560,
    "impressions": 993425,
    "conversions": 482,
    "spend": 7351.99,
    "revenue": 15932.64
  },
  {
    "id": 840,
    "campaign": "BlackFriday",
    "channel": "Twitter",
    "region": "North America",
    "date": "2025-12-10",
    "clicks": 46537,
    "impressions": 918270,
    "conversions": 331,
    "spend": 7720.24,
    "revenue": 12230.25
  },
  {
    "id": 841,
    "campaign": "CyberMonday",
    "channel": "Twitter",
    "region": "Asia",
    "date": "2025-08-11",
    "clicks": 2044,
    "impressions": 423808,
    "conversions": 448,
    "spend": 9265.4,
    "revenue": 43873.99
  },
  {
    "id": 842,
    "campaign": "NewYearDeal",
    "channel": "Reddit",
    "region": "Europe",
    "date": "2025-07-15",
    "clicks": 27036,
    "impressions": 908461,
    "conversions": 1304,
    "spend": 3304.92,
    "revenue": 1557.44
  },
  {
    "id": 843,
    "campaign": "WinterPromo",
    "channel": "Facebook",
    "region": "North America",
    "date": "2025-06-26",
    "clicks": 11180,
    "impressions": 889720,
    "conversions": 1304,
    "spend": 10154.17,
    "revenue": 30089.02
  },
  {
    "id": 844,
    "campaign": "SummerSale",
    "channel": "Google",
    "region": "Australia",
    "date": "2025-06-06",
    "clicks": 33382,
    "impressions": 738349,
    "conversions": 1483,
    "spend": 4515.56,
    "revenue": 11603.14
  },
  {
    "id": 845,
    "campaign": "BlackFriday",
    "channel": "Twitter",
    "region": "Europe",
    "date": "2025-10-21",
    "clicks": 33893,
    "impressions": 599553,
    "conversions": 1481,
    "spend": 3755.46,
    "revenue": 37328.91
  },
  {
    "id": 846,
    "campaign": "BlackFriday",
    "channel": "TikTok",
    "region": "Australia",
    "date": "2025-05-16",
    "clicks": 29994,
    "impressions": 833396,
    "conversions": 858,
    "spend": 3068.36,
    "revenue": 32478.4
  },
  {
    "id": 847,
    "campaign": "SummerSale",
    "channel": "LinkedIn",
    "region": "South America",
    "date": "2025-10-02",
    "clicks": 13437,
    "impressions": 642121,
    "conversions": 1948,
    "spend": 11691.08,
    "revenue": 17347.89
  },
  {
    "id": 848,
    "campaign": "BlackFriday",
    "channel": "TikTok",
    "region": "North America",
    "date": "2025-05-01",
    "clicks": 37885,
    "impressions": 259165,
    "conversions": 1249,
    "spend": 4456.72,
    "revenue": 17351.07
  },
  {
    "id": 849,
    "campaign": "BlackFriday",
    "channel": "Twitter",
    "region": "Asia",
    "date": "2025-06-17",
    "clicks": 11885,
    "impressions": 522278,
    "conversions": 1559,
    "spend": 2770.28,
    "revenue": 45426.23
  },
  {
    "id": 850,
    "campaign": "SummerSale",
    "channel": "Reddit",
    "region": "South America",
    "date": "2025-01-17",
    "clicks": 40544,
    "impressions": 883890,
    "conversions": 415,
    "spend": 6283.44,
    "revenue": 9310.93
  },
  {
    "id": 851,
    "campaign": "BlackFriday",
    "channel": "YouTube",
    "region": "Asia",
    "date": "2025-02-12",
    "clicks": 37369,
    "impressions": 608992,
    "conversions": 59,
    "spend": 13142.02,
    "revenue": 45289.4
  },
  {
    "id": 852,
    "campaign": "WinterPromo",
    "channel": "Facebook",
    "region": "Asia",
    "date": "2025-07-17",
    "clicks": 11777,
    "impressions": 217773,
    "conversions": 1382,
    "spend": 14274.22,
    "revenue": 27200.96
  },
  {
    "id": 853,
    "campaign": "BlackFriday",
    "channel": "Reddit",
    "region": "South America",
    "date": "2025-11-26",
    "clicks": 37278,
    "impressions": 676080,
    "conversions": 1442,
    "spend": 12478.24,
    "revenue": 18331.44
  },
  {
    "id": 854,
    "campaign": "NewYearDeal",
    "channel": "Reddit",
    "region": "Asia",
    "date": "2025-04-23",
    "clicks": 39092,
    "impressions": 319592,
    "conversions": 1591,
    "spend": 1969.02,
    "revenue": 20447.02
  },
  {
    "id": 855,
    "campaign": "WinterPromo",
    "channel": "Facebook",
    "region": "Europe",
    "date": "2025-02-03",
    "clicks": 16514,
    "impressions": 715784,
    "conversions": 985,
    "spend": 8553.81,
    "revenue": 15605.99
  },
  {
    "id": 856,
    "campaign": "NewYearDeal",
    "channel": "Facebook",
    "region": "South America",
    "date": "2025-08-24",
    "clicks": 5728,
    "impressions": 272676,
    "conversions": 505,
    "spend": 5447.28,
    "revenue": 6409.7
  },
  {
    "id": 857,
    "campaign": "BackToSchool",
    "channel": "LinkedIn",
    "region": "Europe",
    "date": "2025-04-17",
    "clicks": 33768,
    "impressions": 801134,
    "conversions": 1682,
    "spend": 5824.5,
    "revenue": 6630.25
  },
  {
    "id": 858,
    "campaign": "NewYearDeal",
    "channel": "Google",
    "region": "North America",
    "date": "2025-03-18",
    "clicks": 34207,
    "impressions": 937251,
    "conversions": 702,
    "spend": 5342.66,
    "revenue": 29779.67
  },
  {
    "id": 859,
    "campaign": "CyberMonday",
    "channel": "Instagram",
    "region": "North America",
    "date": "2025-11-28",
    "clicks": 49749,
    "impressions": 431765,
    "conversions": 1016,
    "spend": 6031.8,
    "revenue": 5419.08
  },
  {
    "id": 860,
    "campaign": "WinterPromo",
    "channel": "Twitter",
    "region": "Australia",
    "date": "2025-11-15",
    "clicks": 8633,
    "impressions": 864291,
    "conversions": 175,
    "spend": 1044.53,
    "revenue": 39751.73
  },
  {
    "id": 861,
    "campaign": "SummerSale",
    "channel": "LinkedIn",
    "region": "South America",
    "date": "2025-12-04",
    "clicks": 45086,
    "impressions": 735421,
    "conversions": 339,
    "spend": 10886.58,
    "revenue": 15134.96
  },
  {
    "id": 862,
    "campaign": "WinterPromo",
    "channel": "Instagram",
    "region": "North America",
    "date": "2025-01-20",
    "clicks": 46115,
    "impressions": 489087,
    "conversions": 420,
    "spend": 6879.96,
    "revenue": 6681.25
  },
  {
    "id": 863,
    "campaign": "SummerSale",
    "channel": "Pinterest",
    "region": "South America",
    "date": "2025-12-20",
    "clicks": 32594,
    "impressions": 251765,
    "conversions": 1263,
    "spend": 5024.55,
    "revenue": 4871.34
  },
  {
    "id": 864,
    "campaign": "CyberMonday",
    "channel": "Reddit",
    "region": "Australia",
    "date": "2025-02-16",
    "clicks": 7249,
    "impressions": 600630,
    "conversions": 1928,
    "spend": 11324.85,
    "revenue": 11646.57
  },
  {
    "id": 865,
    "campaign": "SummerSale",
    "channel": "TikTok",
    "region": "Europe",
    "date": "2025-10-12",
    "clicks": 11866,
    "impressions": 195437,
    "conversions": 79,
    "spend": 12872.8,
    "revenue": 46992.89
  },
  {
    "id": 866,
    "campaign": "WinterPromo",
    "channel": "Facebook",
    "region": "Australia",
    "date": "2025-07-24",
    "clicks": 20388,
    "impressions": 372246,
    "conversions": 491,
    "spend": 1296.71,
    "revenue": 17039.69
  },
  {
    "id": 867,
    "campaign": "WinterPromo",
    "channel": "Twitter",
    "region": "South America",
    "date": "2025-01-01",
    "clicks": 34783,
    "impressions": 925115,
    "conversions": 899,
    "spend": 3681.64,
    "revenue": 37747.79
  },
  {
    "id": 868,
    "campaign": "NewYearDeal",
    "channel": "Instagram",
    "region": "Europe",
    "date": "2025-09-27",
    "clicks": 35277,
    "impressions": 728681,
    "conversions": 1275,
    "spend": 14294.39,
    "revenue": 2277.98
  },
  {
    "id": 869,
    "campaign": "SummerSale",
    "channel": "YouTube",
    "region": "North America",
    "date": "2025-12-28",
    "clicks": 32851,
    "impressions": 886071,
    "conversions": 207,
    "spend": 5937.03,
    "revenue": 28484.57
  },
  {
    "id": 870,
    "campaign": "WinterPromo",
    "channel": "Twitter",
    "region": "Europe",
    "date": "2025-11-05",
    "clicks": 30286,
    "impressions": 476939,
    "conversions": 415,
    "spend": 2108.67,
    "revenue": 34836.98
  },
  {
    "id": 871,
    "campaign": "WinterPromo",
    "channel": "TikTok",
    "region": "South America",
    "date": "2025-04-10",
    "clicks": 14313,
    "impressions": 761926,
    "conversions": 430,
    "spend": 9423.51,
    "revenue": 19874.19
  },
  {
    "id": 872,
    "campaign": "SummerSale",
    "channel": "Pinterest",
    "region": "Asia",
    "date": "2025-11-24",
    "clicks": 38087,
    "impressions": 937351,
    "conversions": 504,
    "spend": 5022.79,
    "revenue": 8133.5
  },
  {
    "id": 873,
    "campaign": "WinterPromo",
    "channel": "Instagram",
    "region": "Europe",
    "date": "2025-10-09",
    "clicks": 33759,
    "impressions": 952799,
    "conversions": 1994,
    "spend": 14542.39,
    "revenue": 22755.9
  },
  {
    "id": 874,
    "campaign": "WinterPromo",
    "channel": "LinkedIn",
    "region": "Australia",
    "date": "2025-12-08",
    "clicks": 12962,
    "impressions": 972856,
    "conversions": 1166,
    "spend": 1990.52,
    "revenue": 39012.9
  },
  {
    "id": 875,
    "campaign": "BackToSchool",
    "channel": "LinkedIn",
    "region": "North America",
    "date": "2025-06-23",
    "clicks": 31805,
    "impressions": 613206,
    "conversions": 78,
    "spend": 10243.27,
    "revenue": 49727.59
  },
  {
    "id": 876,
    "campaign": "WinterPromo",
    "channel": "TikTok",
    "region": "North America",
    "date": "2025-08-25",
    "clicks": 14834,
    "impressions": 992376,
    "conversions": 1722,
    "spend": 2863.77,
    "revenue": 43649.53
  },
  {
    "id": 877,
    "campaign": "CyberMonday",
    "channel": "YouTube",
    "region": "Europe",
    "date": "2025-09-04",
    "clicks": 45240,
    "impressions": 121123,
    "conversions": 1381,
    "spend": 7981.32,
    "revenue": 1289.63
  },
  {
    "id": 878,
    "campaign": "SummerSale",
    "channel": "LinkedIn",
    "region": "Asia",
    "date": "2025-12-09",
    "clicks": 21146,
    "impressions": 394815,
    "conversions": 888,
    "spend": 11559.13,
    "revenue": 15932.18
  },
  {
    "id": 879,
    "campaign": "WinterPromo",
    "channel": "Google",
    "region": "Asia",
    "date": "2025-01-13",
    "clicks": 3268,
    "impressions": 434260,
    "conversions": 1165,
    "spend": 217.3,
    "revenue": 14799.04
  },
  {
    "id": 880,
    "campaign": "NewYearDeal",
    "channel": "Twitter",
    "region": "Australia",
    "date": "2025-11-26",
    "clicks": 46822,
    "impressions": 96949,
    "conversions": 248,
    "spend": 13222.11,
    "revenue": 43915.0
  },
  {
    "id": 881,
    "campaign": "BlackFriday",
    "channel": "TikTok",
    "region": "Australia",
    "date": "2025-01-19",
    "clicks": 31732,
    "impressions": 90199,
    "conversions": 271,
    "spend": 8900.1,
    "revenue": 3231.71
  },
  {
    "id": 882,
    "campaign": "CyberMonday",
    "channel": "Snapchat",
    "region": "Asia",
    "date": "2025-05-23",
    "clicks": 129,
    "impressions": 738544,
    "conversions": 488,
    "spend": 4492.56,
    "revenue": 20177.35
  },
  {
    "id": 883,
    "campaign": "SummerSale",
    "channel": "TikTok",
    "region": "North America",
    "date": "2025-04-14",
    "clicks": 26712,
    "impressions": 808835,
    "conversions": 1184,
    "spend": 8776.95,
    "revenue": 27063.91
  },
  {
    "id": 884,
    "campaign": "BackToSchool",
    "channel": "LinkedIn",
    "region": "North America",
    "date": "2025-01-10",
    "clicks": 27993,
    "impressions": 666838,
    "conversions": 442,
    "spend": 14296.98,
    "revenue": 7622.34
  },
  {
    "id": 885,
    "campaign": "NewYearDeal",
    "channel": "Reddit",
    "region": "Australia",
    "date": "2025-11-15",
    "clicks": 40466,
    "impressions": 224921,
    "conversions": 1338,
    "spend": 395.68,
    "revenue": 38348.72
  },
  {
    "id": 886,
    "campaign": "BackToSchool",
    "channel": "TikTok",
    "region": "Australia",
    "date": "2025-04-02",
    "clicks": 49207,
    "impressions": 607261,
    "conversions": 1886,
    "spend": 6514.5,
    "revenue": 44725.75
  },
  {
    "id": 887,
    "campaign": "NewYearDeal",
    "channel": "Facebook",
    "region": "Europe",
    "date": "2025-07-18",
    "clicks": 47577,
    "impressions": 225052,
    "conversions": 560,
    "spend": 1234.23,
    "revenue": 48610.24
  },
  {
    "id": 888,
    "campaign": "BackToSchool",
    "channel": "Facebook",
    "region": "Australia",
    "date": "2025-01-24",
    "clicks": 43469,
    "impressions": 983188,
    "conversions": 203,
    "spend": 13985.99,
    "revenue": 17017.89
  },
  {
    "id": 889,
    "campaign": "NewYearDeal",
    "channel": "Reddit",
    "region": "North America",
    "date": "2025-02-22",
    "clicks": 8202,
    "impressions": 704906,
    "conversions": 849,
    "spend": 10415.61,
    "revenue": 15209.72
  },
  {
    "id": 890,
    "campaign": "NewYearDeal",
    "channel": "Reddit",
    "region": "Australia",
    "date": "2025-10-28",
    "clicks": 45774,
    "impressions": 46289,
    "conversions": 295,
    "spend": 4886.81,
    "revenue": 5218.26
  },
  {
    "id": 891,
    "campaign": "WinterPromo",
    "channel": "Google",
    "region": "Australia",
    "date": "2025-09-12",
    "clicks": 8258,
    "impressions": 74203,
    "conversions": 1449,
    "spend": 9686.03,
    "revenue": 1729.61
  },
  {
    "id": 892,
    "campaign": "WinterPromo",
    "channel": "Google",
    "region": "Asia",
    "date": "2025-08-08",
    "clicks": 20946,
    "impressions": 942576,
    "conversions": 1723,
    "spend": 2989.41,
    "revenue": 43624.46
  },
  {
    "id": 893,
    "campaign": "CyberMonday",
    "channel": "Pinterest",
    "region": "South America",
    "date": "2025-08-12",
    "clicks": 9608,
    "impressions": 607002,
    "conversions": 1725,
    "spend": 13398.12,
    "revenue": 49666.86
  },
  {
    "id": 894,
    "campaign": "BackToSchool",
    "channel": "Reddit",
    "region": "North America",
    "date": "2025-03-23",
    "clicks": 24226,
    "impressions": 838229,
    "conversions": 1871,
    "spend": 7115.68,
    "revenue": 39064.86
  },
  {
    "id": 895,
    "campaign": "SummerSale",
    "channel": "LinkedIn",
    "region": "North America",
    "date": "2025-08-10",
    "clicks": 31420,
    "impressions": 851605,
    "conversions": 1688,
    "spend": 9446.75,
    "revenue": 42689.71
  },
  {
    "id": 896,
    "campaign": "BlackFriday",
    "channel": "Instagram",
    "region": "Asia",
    "date": "2025-05-24",
    "clicks": 40649,
    "impressions": 440140,
    "conversions": 235,
    "spend": 13076.07,
    "revenue": 13425.9
  },
  {
    "id": 897,
    "campaign": "WinterPromo",
    "channel": "LinkedIn",
    "region": "Australia",
    "date": "2025-08-24",
    "clicks": 16784,
    "impressions": 348965,
    "conversions": 1734,
    "spend": 7410.23,
    "revenue": 39288.39
  },
  {
    "id": 898,
    "campaign": "CyberMonday",
    "channel": "Google",
    "region": "North America",
    "date": "2025-10-17",
    "clicks": 19426,
    "impressions": 742550,
    "conversions": 487,
    "spend": 13188.03,
    "revenue": 48888.3
  },
  {
    "id": 899,
    "campaign": "WinterPromo",
    "channel": "Twitter",
    "region": "Asia",
    "date": "2025-06-19",
    "clicks": 3935,
    "impressions": 600247,
    "conversions": 326,
    "spend": 4673.39,
    "revenue": 16642.24
  },
  {
    "id": 900,
    "campaign": "WinterPromo",
    "channel": "Twitter",
    "region": "North America",
    "date": "2025-07-13",
    "clicks": 14910,
    "impressions": 145779,
    "conversions": 1086,
    "spend": 3402.79,
    "revenue": 5096.51
  },
  {
    "id": 901,
    "campaign": "WinterPromo",
    "channel": "Snapchat",
    "region": "Asia",
    "date": "2025-04-07",
    "clicks": 43563,
    "impressions": 87405,
    "conversions": 101,
    "spend": 11254.0,
    "revenue": 8285.27
  },
  {
    "id": 902,
    "campaign": "BackToSchool",
    "channel": "Instagram",
    "region": "South America",
    "date": "2025-12-07",
    "clicks": 30054,
    "impressions": 873436,
    "conversions": 398,
    "spend": 10288.6,
    "revenue": 40102.64
  },
  {
    "id": 903,
    "campaign": "NewYearDeal",
    "channel": "Twitter",
    "region": "North America",
    "date": "2025-07-25",
    "clicks": 46189,
    "impressions": 689271,
    "conversions": 1582,
    "spend": 9705.83,
    "revenue": 34567.16
  },
  {
    "id": 904,
    "campaign": "CyberMonday",
    "channel": "LinkedIn",
    "region": "South America",
    "date": "2025-10-03",
    "clicks": 16267,
    "impressions": 308860,
    "conversions": 164,
    "spend": 3946.14,
    "revenue": 42928.03
  },
  {
    "id": 905,
    "campaign": "CyberMonday",
    "channel": "Twitter",
    "region": "Europe",
    "date": "2025-05-24",
    "clicks": 34693,
    "impressions": 15339,
    "conversions": 1969,
    "spend": 738.3,
    "revenue": 46396.55
  },
  {
    "id": 906,
    "campaign": "SummerSale",
    "channel": "Twitter",
    "region": "Europe",
    "date": "2025-12-03",
    "clicks": 47854,
    "impressions": 322974,
    "conversions": 1787,
    "spend": 11640.31,
    "revenue": 3094.25
  },
  {
    "id": 907,
    "campaign": "WinterPromo",
    "channel": "YouTube",
    "region": "North America",
    "date": "2025-10-03",
    "clicks": 35719,
    "impressions": 998399,
    "conversions": 1961,
    "spend": 11045.15,
    "revenue": 39417.78
  },
  {
    "id": 908,
    "campaign": "BackToSchool",
    "channel": "Google",
    "region": "Asia",
    "date": "2025-11-25",
    "clicks": 11305,
    "impressions": 80852,
    "conversions": 537,
    "spend": 5108.86,
    "revenue": 17245.97
  },
  {
    "id": 909,
    "campaign": "WinterPromo",
    "channel": "Google",
    "region": "Europe",
    "date": "2025-10-23",
    "clicks": 5068,
    "impressions": 830016,
    "conversions": 510,
    "spend": 10979.65,
    "revenue": 49999.1
  },
  {
    "id": 910,
    "campaign": "CyberMonday",
    "channel": "Snapchat",
    "region": "North America",
    "date": "2025-11-24",
    "clicks": 33358,
    "impressions": 90891,
    "conversions": 1638,
    "spend": 11550.41,
    "revenue": 31480.69
  },
  {
    "id": 911,
    "campaign": "WinterPromo",
    "channel": "Pinterest",
    "region": "Australia",
    "date": "2025-06-17",
    "clicks": 46491,
    "impressions": 272676,
    "conversions": 1203,
    "spend": 12434.16,
    "revenue": 46377.65
  },
  {
    "id": 912,
    "campaign": "CyberMonday",
    "channel": "TikTok",
    "region": "Europe",
    "date": "2025-06-17",
    "clicks": 22996,
    "impressions": 559976,
    "conversions": 870,
    "spend": 14095.32,
    "revenue": 30954.7
  },
  {
    "id": 913,
    "campaign": "BackToSchool",
    "channel": "Pinterest",
    "region": "Australia",
    "date": "2025-03-12",
    "clicks": 12709,
    "impressions": 126240,
    "conversions": 1506,
    "spend": 2811.8,
    "revenue": 37179.19
  },
  {
    "id": 914,
    "campaign": "SummerSale",
    "channel": "Facebook",
    "region": "Europe",
    "date": "2025-03-19",
    "clicks": 11631,
    "impressions": 54261,
    "conversions": 1853,
    "spend": 7206.04,
    "revenue": 3650.07
  },
  {
    "id": 915,
    "campaign": "BackToSchool",
    "channel": "TikTok",
    "region": "Asia",
    "date": "2025-02-25",
    "clicks": 28997,
    "impressions": 762360,
    "conversions": 1451,
    "spend": 629.19,
    "revenue": 16161.89
  },
  {
    "id": 916,
    "campaign": "WinterPromo",
    "channel": "Snapchat",
    "region": "South America",
    "date": "2025-12-08",
    "clicks": 32700,
    "impressions": 203966,
    "conversions": 1884,
    "spend": 10740.24,
    "revenue": 32582.95
  },
  {
    "id": 917,
    "campaign": "NewYearDeal",
    "channel": "Reddit",
    "region": "North America",
    "date": "2025-11-02",
    "clicks": 47444,
    "impressions": 886281,
    "conversions": 190,
    "spend": 5891.4,
    "revenue": 1269.95
  },
  {
    "id": 918,
    "campaign": "BlackFriday",
    "channel": "Instagram",
    "region": "Asia",
    "date": "2025-06-20",
    "clicks": 46564,
    "impressions": 964005,
    "conversions": 619,
    "spend": 2414.38,
    "revenue": 33573.94
  },
  {
    "id": 919,
    "campaign": "BlackFriday",
    "channel": "Reddit",
    "region": "Europe",
    "date": "2025-07-23",
    "clicks": 10706,
    "impressions": 747216,
    "conversions": 1063,
    "spend": 12764.86,
    "revenue": 34764.5
  },
  {
    "id": 920,
    "campaign": "WinterPromo",
    "channel": "LinkedIn",
    "region": "South America",
    "date": "2025-12-27",
    "clicks": 48896,
    "impressions": 368164,
    "conversions": 1085,
    "spend": 9151.11,
    "revenue": 39966.03
  },
  {
    "id": 921,
    "campaign": "NewYearDeal",
    "channel": "Snapchat",
    "region": "Australia",
    "date": "2025-10-01",
    "clicks": 7800,
    "impressions": 481169,
    "conversions": 1014,
    "spend": 7028.83,
    "revenue": 22230.32
  },
  {
    "id": 922,
    "campaign": "NewYearDeal",
    "channel": "Twitter",
    "region": "Australia",
    "date": "2025-08-04",
    "clicks": 8437,
    "impressions": 499223,
    "conversions": 1786,
    "spend": 11386.09,
    "revenue": 48798.95
  },
  {
    "id": 923,
    "campaign": "WinterPromo",
    "channel": "TikTok",
    "region": "Asia",
    "date": "2025-09-07",
    "clicks": 1915,
    "impressions": 20448,
    "conversions": 503,
    "spend": 2883.63,
    "revenue": 17826.84
  },
  {
    "id": 924,
    "campaign": "CyberMonday",
    "channel": "Snapchat",
    "region": "North America",
    "date": "2025-01-16",
    "clicks": 19708,
    "impressions": 875764,
    "conversions": 1315,
    "spend": 10159.2,
    "revenue": 10653.41
  },
  {
    "id": 925,
    "campaign": "SummerSale",
    "channel": "YouTube",
    "region": "South America",
    "date": "2025-11-05",
    "clicks": 23894,
    "impressions": 218414,
    "conversions": 137,
    "spend": 648.97,
    "revenue": 20556.49
  },
  {
    "id": 926,
    "campaign": "NewYearDeal",
    "channel": "Reddit",
    "region": "Europe",
    "date": "2025-08-05",
    "clicks": 36028,
    "impressions": 374874,
    "conversions": 558,
    "spend": 8927.63,
    "revenue": 27235.76
  },
  {
    "id": 927,
    "campaign": "CyberMonday",
    "channel": "Instagram",
    "region": "South America",
    "date": "2025-03-20",
    "clicks": 37297,
    "impressions": 520473,
    "conversions": 959,
    "spend": 4457.44,
    "revenue": 22739.79
  },
  {
    "id": 928,
    "campaign": "BackToSchool",
    "channel": "Facebook",
    "region": "Asia",
    "date": "2025-06-07",
    "clicks": 29610,
    "impressions": 652893,
    "conversions": 725,
    "spend": 2221.42,
    "revenue": 36311.8
  },
  {
    "id": 929,
    "campaign": "WinterPromo",
    "channel": "TikTok",
    "region": "Australia",
    "date": "2025-10-10",
    "clicks": 3389,
    "impressions": 978508,
    "conversions": 1358,
    "spend": 12562.63,
    "revenue": 5120.39
  },
  {
    "id": 930,
    "campaign": "SummerSale",
    "channel": "TikTok",
    "region": "North America",
    "date": "2025-04-06",
    "clicks": 34758,
    "impressions": 331006,
    "conversions": 1339,
    "spend": 9013.34,
    "revenue": 16094.0
  },
  {
    "id": 931,
    "campaign": "NewYearDeal",
    "channel": "Twitter",
    "region": "Australia",
    "date": "2025-10-25",
    "clicks": 47165,
    "impressions": 76123,
    "conversions": 1170,
    "spend": 181.53,
    "revenue": 28549.11
  },
  {
    "id": 932,
    "campaign": "WinterPromo",
    "channel": "TikTok",
    "region": "Australia",
    "date": "2025-09-06",
    "clicks": 19843,
    "impressions": 264728,
    "conversions": 1791,
    "spend": 13809.79,
    "revenue": 28767.35
  },
  {
    "id": 933,
    "campaign": "BlackFriday",
    "channel": "Pinterest",
    "region": "North America",
    "date": "2025-07-12",
    "clicks": 38619,
    "impressions": 146787,
    "conversions": 1369,
    "spend": 8308.86,
    "revenue": 46853.79
  },
  {
    "id": 934,
    "campaign": "BlackFriday",
    "channel": "LinkedIn",
    "region": "North America",
    "date": "2025-02-28",
    "clicks": 41228,
    "impressions": 286222,
    "conversions": 400,
    "spend": 10648.88,
    "revenue": 47158.09
  },
  {
    "id": 935,
    "campaign": "BlackFriday",
    "channel": "Snapchat",
    "region": "South America",
    "date": "2025-08-17",
    "clicks": 25228,
    "impressions": 476011,
    "conversions": 515,
    "spend": 5741.37,
    "revenue": 1241.99
  },
  {
    "id": 936,
    "campaign": "WinterPromo",
    "channel": "YouTube",
    "region": "South America",
    "date": "2025-10-05",
    "clicks": 40211,
    "impressions": 822082,
    "conversions": 1689,
    "spend": 11915.7,
    "revenue": 28810.41
  },
  {
    "id": 937,
    "campaign": "SummerSale",
    "channel": "Pinterest",
    "region": "North America",
    "date": "2025-12-03",
    "clicks": 4230,
    "impressions": 277148,
    "conversions": 1138,
    "spend": 10671.19,
    "revenue": 18831.65
  },
  {
    "id": 938,
    "campaign": "BlackFriday",
    "channel": "YouTube",
    "region": "Australia",
    "date": "2025-04-19",
    "clicks": 29199,
    "impressions": 588612,
    "conversions": 1146,
    "spend": 8368.43,
    "revenue": 41129.86
  },
  {
    "id": 939,
    "campaign": "CyberMonday",
    "channel": "TikTok",
    "region": "Australia",
    "date": "2025-01-12",
    "clicks": 30853,
    "impressions": 609448,
    "conversions": 1507,
    "spend": 6894.59,
    "revenue": 7164.81
  },
  {
    "id": 940,
    "campaign": "BlackFriday",
    "channel": "LinkedIn",
    "region": "Asia",
    "date": "2025-09-12",
    "clicks": 42745,
    "impressions": 405935,
    "conversions": 193,
    "spend": 5889.56,
    "revenue": 22281.7
  },
  {
    "id": 941,
    "campaign": "WinterPromo",
    "channel": "YouTube",
    "region": "Asia",
    "date": "2025-05-14",
    "clicks": 18473,
    "impressions": 526010,
    "conversions": 276,
    "spend": 8708.42,
    "revenue": 1673.61
  },
  {
    "id": 942,
    "campaign": "BackToSchool",
    "channel": "Twitter",
    "region": "Australia",
    "date": "2025-05-27",
    "clicks": 5580,
    "impressions": 532945,
    "conversions": 1850,
    "spend": 13525.78,
    "revenue": 27232.1
  },
  {
    "id": 943,
    "campaign": "CyberMonday",
    "channel": "Instagram",
    "region": "Asia",
    "date": "2025-05-01",
    "clicks": 8378,
    "impressions": 494595,
    "conversions": 1748,
    "spend": 12914.07,
    "revenue": 20219.02
  },
  {
    "id": 944,
    "campaign": "SummerSale",
    "channel": "Reddit",
    "region": "Australia",
    "date": "2025-10-16",
    "clicks": 33685,
    "impressions": 725100,
    "conversions": 1517,
    "spend": 7381.09,
    "revenue": 39521.96
  },
  {
    "id": 945,
    "campaign": "NewYearDeal",
    "channel": "Google",
    "region": "Asia",
    "date": "2025-02-11",
    "clicks": 48374,
    "impressions": 377805,
    "conversions": 1811,
    "spend": 3167.91,
    "revenue": 38567.74
  },
  {
    "id": 946,
    "campaign": "BlackFriday",
    "channel": "Google",
    "region": "South America",
    "date": "2025-10-02",
    "clicks": 43759,
    "impressions": 901628,
    "conversions": 795,
    "spend": 8402.78,
    "revenue": 35007.35
  },
  {
    "id": 947,
    "campaign": "BlackFriday",
    "channel": "LinkedIn",
    "region": "Europe",
    "date": "2025-01-14",
    "clicks": 5934,
    "impressions": 111871,
    "conversions": 1940,
    "spend": 4412.24,
    "revenue": 12616.13
  },
  {
    "id": 948,
    "campaign": "BackToSchool",
    "channel": "Twitter",
    "region": "North America",
    "date": "2025-09-07",
    "clicks": 37426,
    "impressions": 587789,
    "conversions": 512,
    "spend": 12036.75,
    "revenue": 47094.52
  },
  {
    "id": 949,
    "campaign": "BackToSchool",
    "channel": "Facebook",
    "region": "South America",
    "date": "2025-06-28",
    "clicks": 6123,
    "impressions": 761783,
    "conversions": 224,
    "spend": 14334.71,
    "revenue": 43652.75
  },
  {
    "id": 950,
    "campaign": "NewYearDeal",
    "channel": "Reddit",
    "region": "South America",
    "date": "2025-02-15",
    "clicks": 15087,
    "impressions": 521166,
    "conversions": 1171,
    "spend": 13590.5,
    "revenue": 43781.65
  },
  {
    "id": 951,
    "campaign": "CyberMonday",
    "channel": "YouTube",
    "region": "Asia",
    "date": "2025-07-26",
    "clicks": 48771,
    "impressions": 579708,
    "conversions": 1806,
    "spend": 12432.07,
    "revenue": 45879.11
  },
  {
    "id": 952,
    "campaign": "CyberMonday",
    "channel": "Snapchat",
    "region": "Europe",
    "date": "2025-06-01",
    "clicks": 5245,
    "impressions": 842376,
    "conversions": 166,
    "spend": 9723.72,
    "revenue": 47167.84
  },
  {
    "id": 953,
    "campaign": "BlackFriday",
    "channel": "Snapchat",
    "region": "Australia",
    "date": "2025-03-09",
    "clicks": 25330,
    "impressions": 629672,
    "conversions": 112,
    "spend": 435.51,
    "revenue": 41198.56
  },
  {
    "id": 954,
    "campaign": "SummerSale",
    "channel": "TikTok",
    "region": "Europe",
    "date": "2025-01-24",
    "clicks": 14517,
    "impressions": 283946,
    "conversions": 300,
    "spend": 2565.29,
    "revenue": 22956.75
  },
  {
    "id": 955,
    "campaign": "BlackFriday",
    "channel": "YouTube",
    "region": "Asia",
    "date": "2025-04-09",
    "clicks": 41700,
    "impressions": 404244,
    "conversions": 1545,
    "spend": 5705.01,
    "revenue": 36467.44
  },
  {
    "id": 956,
    "campaign": "NewYearDeal",
    "channel": "Instagram",
    "region": "Australia",
    "date": "2025-08-23",
    "clicks": 12816,
    "impressions": 571799,
    "conversions": 771,
    "spend": 8915.4,
    "revenue": 11773.95
  },
  {
    "id": 957,
    "campaign": "BackToSchool",
    "channel": "Snapchat",
    "region": "South America",
    "date": "2025-12-15",
    "clicks": 9422,
    "impressions": 913529,
    "conversions": 1414,
    "spend": 13583.4,
    "revenue": 11559.51
  },
  {
    "id": 958,
    "campaign": "CyberMonday",
    "channel": "TikTok",
    "region": "Australia",
    "date": "2025-11-20",
    "clicks": 36554,
    "impressions": 710741,
    "conversions": 947,
    "spend": 2101.55,
    "revenue": 12650.79
  },
  {
    "id": 959,
    "campaign": "SummerSale",
    "channel": "YouTube",
    "region": "Australia",
    "date": "2025-04-03",
    "clicks": 42468,
    "impressions": 28645,
    "conversions": 1366,
    "spend": 5406.54,
    "revenue": 16551.36
  },
  {
    "id": 960,
    "campaign": "NewYearDeal",
    "channel": "Twitter",
    "region": "Asia",
    "date": "2025-06-01",
    "clicks": 11713,
    "impressions": 755677,
    "conversions": 674,
    "spend": 12181.89,
    "revenue": 24940.86
  },
  {
    "id": 961,
    "campaign": "BackToSchool",
    "channel": "Reddit",
    "region": "Asia",
    "date": "2025-03-18",
    "clicks": 45236,
    "impressions": 928956,
    "conversions": 1865,
    "spend": 338.62,
    "revenue": 27710.08
  },
  {
    "id": 962,
    "campaign": "NewYearDeal",
    "channel": "Google",
    "region": "North America",
    "date": "2025-04-10",
    "clicks": 28169,
    "impressions": 101293,
    "conversions": 1685,
    "spend": 2255.33,
    "revenue": 13338.94
  },
  {
    "id": 963,
    "campaign": "CyberMonday",
    "channel": "Instagram",
    "region": "Europe",
    "date": "2025-02-01",
    "clicks": 18486,
    "impressions": 794505,
    "conversions": 1555,
    "spend": 11535.24,
    "revenue": 9724.76
  },
  {
    "id": 964,
    "campaign": "BlackFriday",
    "channel": "Google",
    "region": "Asia",
    "date": "2025-11-16",
    "clicks": 37135,
    "impressions": 131778,
    "conversions": 406,
    "spend": 8619.3,
    "revenue": 28605.15
  },
  {
    "id": 965,
    "campaign": "NewYearDeal",
    "channel": "Snapchat",
    "region": "Europe",
    "date": "2025-05-23",
    "clicks": 27769,
    "impressions": 238306,
    "conversions": 1160,
    "spend": 8858.74,
    "revenue": 42707.99
  },
  {
    "id": 966,
    "campaign": "NewYearDeal",
    "channel": "Google",
    "region": "Europe",
    "date": "2025-02-05",
    "clicks": 49591,
    "impressions": 70141,
    "conversions": 97,
    "spend": 8610.8,
    "revenue": 15607.37
  },
  {
    "id": 967,
    "campaign": "NewYearDeal",
    "channel": "Twitter",
    "region": "Australia",
    "date": "2025-08-14",
    "clicks": 16954,
    "impressions": 380530,
    "conversions": 1430,
    "spend": 14953.15,
    "revenue": 46766.24
  },
  {
    "id": 968,
    "campaign": "SummerSale",
    "channel": "Reddit",
    "region": "North America",
    "date": "2025-05-27",
    "clicks": 48240,
    "impressions": 847974,
    "conversions": 1791,
    "spend": 4065.08,
    "revenue": 1158.48
  },
  {
    "id": 969,
    "campaign": "SummerSale",
    "channel": "Pinterest",
    "region": "Australia",
    "date": "2025-03-21",
    "clicks": 27071,
    "impressions": 72696,
    "conversions": 127,
    "spend": 8636.13,
    "revenue": 47602.09
  },
  {
    "id": 970,
    "campaign": "CyberMonday",
    "channel": "Snapchat",
    "region": "Australia",
    "date": "2025-04-25",
    "clicks": 19738,
    "impressions": 107018,
    "conversions": 278,
    "spend": 7647.88,
    "revenue": 46446.43
  },
  {
    "id": 971,
    "campaign": "BackToSchool",
    "channel": "TikTok",
    "region": "South America",
    "date": "2025-03-28",
    "clicks": 33170,
    "impressions": 549144,
    "conversions": 332,
    "spend": 6959.4,
    "revenue": 28857.21
  },
  {
    "id": 972,
    "campaign": "SummerSale",
    "channel": "Reddit",
    "region": "North America",
    "date": "2025-03-06",
    "clicks": 11247,
    "impressions": 425735,
    "conversions": 102,
    "spend": 9450.28,
    "revenue": 20604.44
  },
  {
    "id": 973,
    "campaign": "WinterPromo",
    "channel": "Instagram",
    "region": "Australia",
    "date": "2025-05-07",
    "clicks": 32076,
    "impressions": 723941,
    "conversions": 1029,
    "spend": 12280.5,
    "revenue": 29461.81
  },
  {
    "id": 974,
    "campaign": "WinterPromo",
    "channel": "Twitter",
    "region": "Australia",
    "date": "2025-02-02",
    "clicks": 19976,
    "impressions": 510185,
    "conversions": 1863,
    "spend": 10498.13,
    "revenue": 38945.07
  },
  {
    "id": 975,
    "campaign": "SummerSale",
    "channel": "Pinterest",
    "region": "Europe",
    "date": "2025-03-28",
    "clicks": 20814,
    "impressions": 551325,
    "conversions": 1630,
    "spend": 5540.15,
    "revenue": 26829.43
  },
  {
    "id": 976,
    "campaign": "WinterPromo",
    "channel": "Pinterest",
    "region": "Australia",
    "date": "2025-12-25",
    "clicks": 21220,
    "impressions": 577257,
    "conversions": 1533,
    "spend": 1634.24,
    "revenue": 18683.29
  },
  {
    "id": 977,
    "campaign": "CyberMonday",
    "channel": "TikTok",
    "region": "Australia",
    "date": "2025-11-03",
    "clicks": 49816,
    "impressions": 605224,
    "conversions": 266,
    "spend": 1027.59,
    "revenue": 12027.6
  },
  {
    "id": 978,
    "campaign": "BackToSchool",
    "channel": "YouTube",
    "region": "Australia",
    "date": "2025-08-04",
    "clicks": 40632,
    "impressions": 910944,
    "conversions": 1120,
    "spend": 7124.93,
    "revenue": 34986.6
  },
  {
    "id": 979,
    "campaign": "WinterPromo",
    "channel": "Twitter",
    "region": "South America",
    "date": "2025-11-27",
    "clicks": 13380,
    "impressions": 731976,
    "conversions": 1390,
    "spend": 4078.67,
    "revenue": 14520.04
  },
  {
    "id": 980,
    "campaign": "BlackFriday",
    "channel": "Google",
    "region": "North America",
    "date": "2025-02-07",
    "clicks": 11206,
    "impressions": 451918,
    "conversions": 1544,
    "spend": 10547.57,
    "revenue": 9620.07
  },
  {
    "id": 981,
    "campaign": "SummerSale",
    "channel": "Instagram",
    "region": "Australia",
    "date": "2025-11-19",
    "clicks": 29492,
    "impressions": 724846,
    "conversions": 1334,
    "spend": 14313.73,
    "revenue": 45188.34
  },
  {
    "id": 982,
    "campaign": "BlackFriday",
    "channel": "Twitter",
    "region": "South America",
    "date": "2025-02-03",
    "clicks": 18898,
    "impressions": 122629,
    "conversions": 1152,
    "spend": 3515.35,
    "revenue": 3250.56
  },
  {
    "id": 983,
    "campaign": "BackToSchool",
    "channel": "Instagram",
    "region": "Australia",
    "date": "2025-02-05",
    "clicks": 16137,
    "impressions": 911064,
    "conversions": 322,
    "spend": 8189.54,
    "revenue": 6203.41
  },
  {
    "id": 984,
    "campaign": "BackToSchool",
    "channel": "Facebook",
    "region": "Europe",
    "date": "2025-09-09",
    "clicks": 7692,
    "impressions": 495716,
    "conversions": 188,
    "spend": 7388.73,
    "revenue": 15954.04
  },
  {
    "id": 985,
    "campaign": "SummerSale",
    "channel": "Facebook",
    "region": "South America",
    "date": "2025-05-26",
    "clicks": 18338,
    "impressions": 337354,
    "conversions": 1288,
    "spend": 13794.92,
    "revenue": 12777.15
  },
  {
    "id": 986,
    "campaign": "BackToSchool",
    "channel": "TikTok",
    "region": "Australia",
    "date": "2025-06-28",
    "clicks": 44594,
    "impressions": 305618,
    "conversions": 670,
    "spend": 9801.97,
    "revenue": 39548.68
  },
  {
    "id": 987,
    "campaign": "CyberMonday",
    "channel": "TikTok",
    "region": "North America",
    "date": "2025-05-07",
    "clicks": 42589,
    "impressions": 825505,
    "conversions": 1175,
    "spend": 8255.04,
    "revenue": 37840.21
  },
  {
    "id": 988,
    "campaign": "NewYearDeal",
    "channel": "Twitter",
    "region": "Australia",
    "date": "2025-10-14",
    "clicks": 9623,
    "impressions": 652002,
    "conversions": 1684,
    "spend": 10810.51,
    "revenue": 26886.48
  },
  {
    "id": 989,
    "campaign": "CyberMonday",
    "channel": "TikTok",
    "region": "South America",
    "date": "2025-06-11",
    "clicks": 37395,
    "impressions": 229065,
    "conversions": 1286,
    "spend": 6801.88,
    "revenue": 20525.61
  },
  {
    "id": 990,
    "campaign": "NewYearDeal",
    "channel": "TikTok",
    "region": "South America",
    "date": "2025-08-02",
    "clicks": 19263,
    "impressions": 612911,
    "conversions": 374,
    "spend": 12661.95,
    "revenue": 18795.86
  },
  {
    "id": 991,
    "campaign": "BackToSchool",
    "channel": "YouTube",
    "region": "South America",
    "date": "2025-01-20",
    "clicks": 25960,
    "impressions": 824664,
    "conversions": 1510,
    "spend": 5272.53,
    "revenue": 18895.99
  },
  {
    "id": 992,
    "campaign": "BackToSchool",
    "channel": "Twitter",
    "region": "Asia",
    "date": "2025-10-26",
    "clicks": 10136,
    "impressions": 499631,
    "conversions": 1979,
    "spend": 5239.21,
    "revenue": 12996.3
  },
  {
    "id": 993,
    "campaign": "NewYearDeal",
    "channel": "Google",
    "region": "Asia",
    "date": "2025-12-10",
    "clicks": 12540,
    "impressions": 376928,
    "conversions": 794,
    "spend": 10641.75,
    "revenue": 25896.77
  },
  {
    "id": 994,
    "campaign": "BackToSchool",
    "channel": "LinkedIn",
    "region": "Asia",
    "date": "2025-01-02",
    "clicks": 43002,
    "impressions": 535186,
    "conversions": 722,
    "spend": 14721.01,
    "revenue": 13344.29
  },
  {
    "id": 995,
    "campaign": "SummerSale",
    "channel": "Snapchat",
    "region": "Europe",
    "date": "2025-04-22",
    "clicks": 25800,
    "impressions": 983509,
    "conversions": 1282,
    "spend": 11165.78,
    "revenue": 14226.86
  },
  {
    "id": 996,
    "campaign": "SummerSale",
    "channel": "Google",
    "region": "Europe",
    "date": "2025-08-16",
    "clicks": 21935,
    "impressions": 530160,
    "conversions": 1158,
    "spend": 9692.31,
    "revenue": 27823.42
  },
  {
    "id": 997,
    "campaign": "BackToSchool",
    "channel": "TikTok",
    "region": "South America",
    "date": "2025-02-17",
    "clicks": 35919,
    "impressions": 154227,
    "conversions": 1314,
    "spend": 7294.32,
    "revenue": 6585.33
  },
  {
    "id": 998,
    "campaign": "SummerSale",
    "channel": "LinkedIn",
    "region": "North America",
    "date": "2025-02-08",
    "clicks": 8282,
    "impressions": 744643,
    "conversions": 1991,
    "spend": 2533.4,
    "revenue": 24728.81
  },
  {
    "id": 999,
    "campaign": "BlackFriday",
    "channel": "Pinterest",
    "region": "North America",
    "date": "2025-01-16",
    "clicks": 41296,
    "impressions": 601187,
    "conversions": 1628,
    "spend": 9934.98,
    "revenue": 10801.88
  },
  {
    "id": 1000,
    "campaign": "SummerSale",
    "channel": "LinkedIn",
    "region": "Australia",
    "date": "2025-11-09",
    "clicks": 34763,
    "impressions": 737881,
    "conversions": 1938,
    "spend": 14792.85,
    "revenue": 21623.29
  },
  {
    "id": 1001,
    "campaign": "WinterPromo",
    "channel": "YouTube",
    "region": "Asia",
    "date": "2025-04-04",
    "clicks": 13733,
    "impressions": 320873,
    "conversions": 175,
    "spend": 5505.49,
    "revenue": 22211.91
  },
  {
    "id": 1002,
    "campaign": "WinterPromo",
    "channel": "YouTube",
    "region": "South America",
    "date": "2025-08-13",
    "clicks": 5020,
    "impressions": 3955,
    "conversions": 580,
    "spend": 9906.87,
    "revenue": 7355.42
  },
  {
    "id": 1003,
    "campaign": "BlackFriday",
    "channel": "Reddit",
    "region": "North America",
    "date": "2025-03-26",
    "clicks": 2058,
    "impressions": 364240,
    "conversions": 1523,
    "spend": 3525.87,
    "revenue": 10942.21
  },
  {
    "id": 1004,
    "campaign": "WinterPromo",
    "channel": "Instagram",
    "region": "Australia",
    "date": "2025-09-28",
    "clicks": 33586,
    "impressions": 731512,
    "conversions": 1989,
    "spend": 5108.84,
    "revenue": 19182.55
  },
  {
    "id": 1005,
    "campaign": "NewYearDeal",
    "channel": "Twitter",
    "region": "Europe",
    "date": "2025-08-24",
    "clicks": 36835,
    "impressions": 761727,
    "conversions": 1896,
    "spend": 11096.69,
    "revenue": 17161.99
  },
  {
    "id": 1006,
    "campaign": "BlackFriday",
    "channel": "LinkedIn",
    "region": "Europe",
    "date": "2025-07-23",
    "clicks": 20511,
    "impressions": 808500,
    "conversions": 1191,
    "spend": 11993.51,
    "revenue": 31185.11
  },
  {
    "id": 1007,
    "campaign": "SummerSale",
    "channel": "TikTok",
    "region": "Europe",
    "date": "2025-07-07",
    "clicks": 6845,
    "impressions": 152641,
    "conversions": 593,
    "spend": 11697.55,
    "revenue": 3276.31
  },
  {
    "id": 1008,
    "campaign": "SummerSale",
    "channel": "YouTube",
    "region": "Asia",
    "date": "2025-12-18",
    "clicks": 10291,
    "impressions": 307669,
    "conversions": 1434,
    "spend": 5998.33,
    "revenue": 42473.99
  },
  {
    "id": 1009,
    "campaign": "SummerSale",
    "channel": "Facebook",
    "region": "Asia",
    "date": "2025-02-01",
    "clicks": 11651,
    "impressions": 879196,
    "conversions": 1062,
    "spend": 2619.3,
    "revenue": 14023.18
  },
  {
    "id": 1010,
    "campaign": "WinterPromo",
    "channel": "Facebook",
    "region": "South America",
    "date": "2025-08-04",
    "clicks": 23342,
    "impressions": 951870,
    "conversions": 1638,
    "spend": 950.3,
    "revenue": 22753.5
  },
  {
    "id": 1011,
    "campaign": "BackToSchool",
    "channel": "YouTube",
    "region": "North America",
    "date": "2025-08-25",
    "clicks": 29157,
    "impressions": 37739,
    "conversions": 123,
    "spend": 1469.97,
    "revenue": 44865.23
  },
  {
    "id": 1012,
    "campaign": "CyberMonday",
    "channel": "Instagram",
    "region": "Europe",
    "date": "2025-09-24",
    "clicks": 44925,
    "impressions": 123580,
    "conversions": 1237,
    "spend": 1151.04,
    "revenue": 43001.1
  },
  {
    "id": 1013,
    "campaign": "WinterPromo",
    "channel": "Twitter",
    "region": "Europe",
    "date": "2025-06-07",
    "clicks": 31441,
    "impressions": 526880,
    "conversions": 1679,
    "spend": 9099.05,
    "revenue": 3106.98
  },
  {
    "id": 1014,
    "campaign": "NewYearDeal",
    "channel": "YouTube",
    "region": "Europe",
    "date": "2025-06-13",
    "clicks": 29499,
    "impressions": 40601,
    "conversions": 1307,
    "spend": 14300.22,
    "revenue": 5927.77
  },
  {
    "id": 1015,
    "campaign": "BlackFriday",
    "channel": "YouTube",
    "region": "Australia",
    "date": "2025-07-17",
    "clicks": 39423,
    "impressions": 82288,
    "conversions": 47,
    "spend": 12470.58,
    "revenue": 14694.54
  },
  {
    "id": 1016,
    "campaign": "WinterPromo",
    "channel": "Twitter",
    "region": "South America",
    "date": "2025-04-28",
    "clicks": 25221,
    "impressions": 341469,
    "conversions": 1976,
    "spend": 5660.94,
    "revenue": 37934.21
  },
  {
    "id": 1017,
    "campaign": "BlackFriday",
    "channel": "Snapchat",
    "region": "North America",
    "date": "2025-07-09",
    "clicks": 35195,
    "impressions": 924823,
    "conversions": 1182,
    "spend": 8864.99,
    "revenue": 14355.32
  },
  {
    "id": 1018,
    "campaign": "SummerSale",
    "channel": "Snapchat",
    "region": "Europe",
    "date": "2025-10-04",
    "clicks": 22495,
    "impressions": 204741,
    "conversions": 1618,
    "spend": 1334.64,
    "revenue": 33119.4
  },
  {
    "id": 1019,
    "campaign": "WinterPromo",
    "channel": "Instagram",
    "region": "South America",
    "date": "2025-09-21",
    "clicks": 30996,
    "impressions": 300464,
    "conversions": 205,
    "spend": 12999.74,
    "revenue": 26125.55
  },
  {
    "id": 1020,
    "campaign": "WinterPromo",
    "channel": "Reddit",
    "region": "North America",
    "date": "2025-10-28",
    "clicks": 18922,
    "impressions": 565658,
    "conversions": 344,
    "spend": 9923.04,
    "revenue": 39137.04
  },
  {
    "id": 1021,
    "campaign": "NewYearDeal",
    "channel": "LinkedIn",
    "region": "North America",
    "date": "2025-09-05",
    "clicks": 40523,
    "impressions": 703964,
    "conversions": 905,
    "spend": 12981.72,
    "revenue": 35840.51
  },
  {
    "id": 1022,
    "campaign": "BlackFriday",
    "channel": "Snapchat",
    "region": "Asia",
    "date": "2025-11-22",
    "clicks": 43400,
    "impressions": 299291,
    "conversions": 350,
    "spend": 11660.98,
    "revenue": 37262.72
  },
  {
    "id": 1023,
    "campaign": "BackToSchool",
    "channel": "Twitter",
    "region": "North America",
    "date": "2025-09-25",
    "clicks": 21625,
    "impressions": 628430,
    "conversions": 1466,
    "spend": 5365.12,
    "revenue": 5355.68
  },
  {
    "id": 1024,
    "campaign": "BackToSchool",
    "channel": "Snapchat",
    "region": "Europe",
    "date": "2025-07-22",
    "clicks": 25465,
    "impressions": 717956,
    "conversions": 617,
    "spend": 10221.09,
    "revenue": 4987.14
  },
  {
    "id": 1025,
    "campaign": "SummerSale",
    "channel": "Snapchat",
    "region": "South America",
    "date": "2025-01-24",
    "clicks": 45472,
    "impressions": 126590,
    "conversions": 1268,
    "spend": 9674.34,
    "revenue": 17948.53
  },
  {
    "id": 1026,
    "campaign": "BackToSchool",
    "channel": "YouTube",
    "region": "Asia",
    "date": "2025-05-15",
    "clicks": 31508,
    "impressions": 403524,
    "conversions": 113,
    "spend": 683.14,
    "revenue": 29842.49
  },
  {
    "id": 1027,
    "campaign": "NewYearDeal",
    "channel": "Reddit",
    "region": "South America",
    "date": "2025-08-11",
    "clicks": 3574,
    "impressions": 157109,
    "conversions": 1364,
    "spend": 4331.41,
    "revenue": 46002.25
  },
  {
    "id": 1028,
    "campaign": "BlackFriday",
    "channel": "Snapchat",
    "region": "Asia",
    "date": "2025-03-18",
    "clicks": 32184,
    "impressions": 525365,
    "conversions": 812,
    "spend": 8856.56,
    "revenue": 36262.83
  },
  {
    "id": 1029,
    "campaign": "BackToSchool",
    "channel": "Snapchat",
    "region": "Australia",
    "date": "2025-11-18",
    "clicks": 36386,
    "impressions": 985954,
    "conversions": 1491,
    "spend": 10598.43,
    "revenue": 35631.69
  },
  {
    "id": 1030,
    "campaign": "NewYearDeal",
    "channel": "Instagram",
    "region": "South America",
    "date": "2025-04-14",
    "clicks": 19555,
    "impressions": 614703,
    "conversions": 239,
    "spend": 9489.84,
    "revenue": 8379.05
  },
  {
    "id": 1031,
    "campaign": "CyberMonday",
    "channel": "LinkedIn",
    "region": "Asia",
    "date": "2025-01-09",
    "clicks": 35765,
    "impressions": 549689,
    "conversions": 1231,
    "spend": 5275.04,
    "revenue": 15764.89
  },
  {
    "id": 1032,
    "campaign": "SummerSale",
    "channel": "Reddit",
    "region": "Europe",
    "date": "2025-04-23",
    "clicks": 31064,
    "impressions": 342431,
    "conversions": 1754,
    "spend": 1372.82,
    "revenue": 47287.5
  },
  {
    "id": 1033,
    "campaign": "BlackFriday",
    "channel": "Reddit",
    "region": "Australia",
    "date": "2025-10-19",
    "clicks": 47907,
    "impressions": 242686,
    "conversions": 1793,
    "spend": 3848.27,
    "revenue": 37074.57
  },
  {
    "id": 1034,
    "campaign": "BackToSchool",
    "channel": "TikTok",
    "region": "South America",
    "date": "2025-01-27",
    "clicks": 38928,
    "impressions": 831063,
    "conversions": 792,
    "spend": 12507.05,
    "revenue": 9919.68
  },
  {
    "id": 1035,
    "campaign": "WinterPromo",
    "channel": "Google",
    "region": "South America",
    "date": "2025-06-07",
    "clicks": 26797,
    "impressions": 18096,
    "conversions": 651,
    "spend": 1214.86,
    "revenue": 45019.36
  },
  {
    "id": 1036,
    "campaign": "NewYearDeal",
    "channel": "Facebook",
    "region": "South America",
    "date": "2025-09-18",
    "clicks": 36015,
    "impressions": 324214,
    "conversions": 976,
    "spend": 5123.94,
    "revenue": 49151.06
  },
  {
    "id": 1037,
    "campaign": "BlackFriday",
    "channel": "YouTube",
    "region": "Australia",
    "date": "2025-04-08",
    "clicks": 23131,
    "impressions": 26909,
    "conversions": 1652,
    "spend": 6583.5,
    "revenue": 49143.5
  },
  {
    "id": 1038,
    "campaign": "SummerSale",
    "channel": "Twitter",
    "region": "Europe",
    "date": "2025-08-09",
    "clicks": 26377,
    "impressions": 657657,
    "conversions": 795,
    "spend": 2494.58,
    "revenue": 4323.41
  },
  {
    "id": 1039,
    "campaign": "CyberMonday",
    "channel": "LinkedIn",
    "region": "Europe",
    "date": "2025-06-15",
    "clicks": 24624,
    "impressions": 6
  }
  ]